1523859707930,8038.05,55946.254987
1523859709385,8040.46,59902.930111895585
1523859709626,8040.46,60900.44011189559
1523859710430,8040.46,61899.869289895585
1523859711907,8040.46,61899.869289895585
1523859717762,8040.46,61899.869289895585
1523859717795,8038.38,61948.09956989558
1523859718825,8038.38,62055.01012389558
1523859719416,8038.38,62081.536777895584
1523859719431,8038.38,62111.278783895585
1523859720940,8038.38,57.876336
1523859721423,8038.38,77.972286
1523859721911,8038.38,77.972286
1523859722387,8038.38,99.675912
1523859722410,8038.38,108.51813
1523859725631,8038.82,30010.039399
1523859726312,8039.22,32762.243297
1523859726490,8039.22,32883.635519
1523859727316,8039.22,32989.753223
1523859727453,8039.22,32989.753223
1523859727620,8039.22,33045.223841
1523859728480,8039.22,33230.125901
1523859728575,8039.22,33319.361243
1523859729513,8039.22,33375.635783
1523859729792,8039.22,33448.792685
1523859730649,8039.22,33521.145665
1523859730702,8039.22,33554.910389
1523859730715,8039.22,33577.420205
1523859731650,8039.22,33597.518255
1523859731674,8039.22,33631.282979
1523859731911,8039.22,33631.282979
1523859732458,8039.22,33657.812405
1523859732509,8039.22,33688.361441
1523859732702,8039.22,33708.459491
1523859733495,8039.22,33716.498711
1523859733769,8039.22,33727.753619
1523859734311,8039.22,33743.832059
1523859734558,8039.22,33759.910499
1523859735446,8039.22,33767.949719
1523859735990,8039.22,33775.988939
1523859736574,8039.22,33792.067379
1523859736640,8039.22,33792.871301
1523859740629,8038.66,33850.749611
1523859741641,8038.66,34017.149873
1523859742595,8038.66,34033.227193
1523859742764,8038.66,34068.597297
1523859742905,8038.66,34076.635957
1523859743224,8038.66,34076.635957
1523859743353,8038.66,34103.163535
1523859743414,8038.66,34103.163535
1523859743504,8038.66,34120.848587
1523859743745,8038.66,34140.945237
1523859744406,8038.66,34149.787763
1523859744984,8038.66,34157.826423
1523859745463,8038.66,34181.942403
1523859746120,8038.66,34189.981063
1523859746662,8038.66,34195.608125
1523859747485,8038.65,34340.303825
1523859748736,8038.39,34574.220974
1523859751909,8037.39,35880.296849
1523859752146,8037.39,35880.296849
1523859752148,8037.39,35880.296849
1523859753459,8041.06,39875.093837
1523859753483,8038.16,39928.145693
1523859756917,8038.16,39928.145693
1523859757366,8041.1,41824.952161
1523859758713,8040.0,41879.624161
1523859759883,8040.0,42131.276161
1523859760564,8040.37,42801.82759
1523859760587,8040.37,43484.455003
1523859760862,8040.37,43861.548356
1523859761746,8040.0,44109.984356
1523859762331,8040.0,44413.092356
1523859762660,8040.0,45106.140356
1523859762691,8040.0,45333.672356
1523859762755,8040.0,45674.568356
1523859762871,8040.0,45674.568356
1523859764497,8040.0,45754.968356
1523859766846,8040.0,45777.480356
1523859768519,8040.0,46099.080356
1523859768853,8040.0,46501.080356
1523859769708,8040.0,47153.124356
1523859769809,8040.0,47153.124356
1523859772726,8040.0,47153.124356
1523859774494,8040.0,47259.252565
1523859774591,8040.19,47339.654465
1523859775585,8040.0,51013.130465
1523859776413,8040.0,51349.202465
1523859777430,8040.0,52153.202465
1523859778721,8039.79,52197.42131
1523859779971,8039.79,52197.42131
1523859780684,8037.26,1510.470621
1523859781455,8040.0,1846.542621
1523859783161,8040.0,1846.542621
1523859784558,8040.0,3445.698621
1523859785457,8038.68,51677.778621
1523859786728,8040.46,52538.908621
1523859787561,8040.46,52538.908621
1523859790646,8041.1,53675.114685
1523859791925,8041.1,53675.114685
1523859793211,8041.1,53790.102415
1523859796247,8041.11,54031.335715
1523859797367,8041.11,54031.335715
1523859801601,8041.09,54535.512058
1523859801930,8041.09,54535.512058
1523859803540,8041.09,54991.441861
1523859804550,8041.09,56078.597229
1523859804691,8041.09,56328.675128
1523859806125,8041.19,57278.329077
1523859806164,8041.19,57680.388577
1523859807736,8041.19,57680.388577
1523859810699,8041.2,58461.991765
1523859811439,8041.09,60086.291945
1523859811735,8041.09,61521.62651
1523859812456,8041.09,63043.000738
1523859812613,8041.09,65542.17151
1523859812629,8041.19,66194.312019
1523859812644,8041.19,66636.577469
1523859813218,8041.19,66636.577469
1523859813470,8041.19,67503.417751
1523859813582,8041.19,68724.874512
1523859814408,8041.19,70262.35004
1523859815464,8041.19,71793.392616
1523859815623,8041.09,72103.64275327
1523859816557,8041.09,72907.75175327
1523859817307,8041.09,73169.08717827
1523859820072,8041.09,73169.08717827
1523859820599,8041.2,73973.20717827
1523859821760,8041.2,83773.83857
1523859822292,8041.2,83773.83857
1523859822678,8041.25,83882.395445
1523859823541,8041.25,88888.877695
1523859826939,8041.25,88888.877695
1523859827829,8043.34,89610.19641
1523859829558,8043.28,92755.01432691
1523859832746,8043.28,92755.01432691
1523859833720,8041.41,92922.27565491
1523859834624,8041.41,93134.56887891
1523859836327,8041.2,93198.09435891
1523859836951,8041.2,93198.09435891
1523859839416,8043.27,93358.95975891
1523859841509,8044.95,103520.25640991
1523859841514,8041.2,2573.377545
1523859842225,8041.2,2573.377545
1523859845978,8041.2,54368.065545
1523859847377,8041.2,63154.685713
1523859847507,8041.2,63154.685713
1523859847994,8041.21,63311.489308
1523859849564,8041.09,65320.15549112916
1523859850577,8041.21,65474.54672312916
1523859851963,8041.21,65474.54672312916
1523859852508,8045.0,68462.45007312916
1523859856962,8045.0,68462.45007312916
1523859857531,8041.21,68599.95491412916
1523859858514,8041.09,68710.11784712916
1523859861481,8041.21,69887.33668712917
1523859861966,8041.21,69887.33668712917
1523859862473,8042.79,76174.38563012917
1523859863741,8041.09,78183.04991212917
1523859865600,8041.09,78318.14022412917
1523859867032,8041.09,78318.14022412917
1523859867566,8041.2,78389.70690412915
1523859868675,8045.0,79227.99562412917
1523859869376,8042.96,127485.75562412916
1523859873423,8043.48,127877.47310012917
1523859873939,8043.48,127877.47310012917
1523859874405,8042.11,127973.97842012916
1523859874655,8042.11,128054.39952012915
1523859875323,8042.11,128229.71751812917
1523859875744,8042.11,128403.42709412916
1523859877041,8042.11,128403.42709412916
1523859879875,8045.0,136448.04681312916
1523859880482,8041.2,136462.52097312917
1523859880978,8041.25,136476.19109812917
1523859881502,8041.64,137068.05513912917
1523859882147,8041.65,137081.72594412917
1523859882212,8041.65,137081.72594412917
1523859882516,8042.35,137095.39793912915
1523859883272,8045.0,146890.18533912915
1523859884029,8046.57,150464.45588577574
1523859884511,8042.4,150777.30524577573
1523859884782,8045.79,150857.76314577574
1523859885847,8045.05,154441.02841577574
1523859885862,8046.57,154522.24933212917
1523859886503,8049.99,154943.26380912916
1523859886750,8045.1,156952.92978912915
1523859887036,8045.1,156952.92978912915
1523859887296,8045.1,157143.59865912917
1523859887934,8045.1,158028.55965912915
1523859889438,8045.2,161197.56393912915
1523859889525,8050.0,183865.52675912916
1523859890711,8047.67,185875.83472512916
1523859891482,8045.3,187885.55066512915
1523859892038,8045.3,187885.55066512915
1523859897018,8046.17,236564.69066512916
1523859897056,8046.17,236564.69066512916
1523859897493,8042.4,236605.71000512916
1523859902044,8042.4,236605.71000512916
1523859902520,8042.25,24.12675
1523859902797,8042.25,73.184475
1523859903561,8042.25,81.226725
1523859903969,8042.25,228.3999
1523859905703,8045.5,286.32645
1523859907032,8045.5,286.32645
1523859908610,8041.36,688.413674
1523859911864,8045.35,794.612294
1523859912039,8045.35,794.612294
1523859915728,8043.33,21436.399408
1523859917035,8043.33,21436.399408
1523859917788,8045.3,21830.721174
1523859918308,8045.3,21934.505544
1523859922062,8045.3,21934.505544
1523859922594,8041.66,22336.588544
1523859927059,8041.66,22336.588544
1523859927536,8041.61,24829.487644
1523859932072,8041.61,24829.487644
1523859933477,8041.55,24917.140539
1523859933758,8042.4,25004.802699
1523859937069,8042.4,25004.802699
1523859937404,8042.45,25085.227199
1523859938808,8042.5,25093.269699
1523859938836,8042.55,25109.354699
1523859938843,8042.55,25117.397249
1523859942071,8042.55,25117.397249
1523859942614,8042.55,25185.758924
1523859947070,8042.55,25185.758924
1523859947447,8045.2,39361.502424
1523859948674,8045.5,39877.218974
1523859949767,8045.2,40278.674454
1523859952082,8045.2,40278.674454
1523859952587,8041.51,40294.757474
1523859953208,8041.51,40302.798984
1523859953546,8041.51,40351.048044
1523859954099,8041.51,40399.297104
1523859954731,8045.2,41584.739851
1523859955480,8045.2,41633.011051
1523859955512,8045.2,41940.337691
1523859957071,8045.2,41940.337691
1523859958472,8045.2,42121.354691
1523859962069,8045.2,42121.354691
1523859965511,8045.25,30.57195
1523859965975,8045.22,683.03914
1523859966415,8045.24,805.326788
1523859966912,8045.24,870.493232
1523859967098,8045.24,870.493232
1523859967417,8045.24,1221.265696
1523859967426,8045.24,1327.462864
1523859967592,8045.24,1448.141464
1523859967950,8045.24,1655.708656
1523859968545,8045.24,1681.453424
1523859968944,8045.24,1987.172544
1523859969570,8045.24,2066.82042
1523859969769,8045.24,2101.414952
1523859971488,8045.2,2252.664712
1523859971711,8045.2,2685.496472
1523859972077,8045.2,2685.496472
1523859972356,8045.24,3184.30066
1523859972525,8045.2,7478.851807
1523859972935,8045.2,7819.968287
1523859972969,8045.2,8331.643007
1523859973479,8045.2,8851.362927
1523859973853,8045.24,9379.934347
1523859974429,8045.24,10061.366175
1523859974750,8045.24,10293.069087
1523859975940,8045.24,10770.151819
1523859977068,8045.24,10770.151819
1523859977418,8045.24,11574.675819
1523859978536,8045.24,13314.861231
1523859979418,8045.35,18814.607521
1523859982064,8045.35,18814.607521
1523859983606,8045.3,49280.589561
1523859984527,8045.3,49764.917471
1523859984534,8045.3,49833.302521
1523859987065,8045.3,49833.302521
1523859992081,8045.3,49833.302521
1523859997146,8045.3,49833.302521
1523860000018,8045.35,50523.593154
1523860000936,8045.34,51350.662504
1523860002075,8045.34,51350.662504
1523860003422,8045.34,51394.911874
1523860003558,8045.34,51482.60608
1523860003749,8045.34,51517.201042
1523860004604,8045.34,51551.796004
1523860004730,8045.34,51596.045374
1523860004737,8045.34,51630.640336
1523860004813,8046.2,51665.238996
1523860005856,8046.2,51699.837656
1523860006640,8046.25,51744.092031
1523860007079,8046.25,51744.092031
1523860007749,8046.25,51921.109531
1523860008332,8047.98,52008.027715
1523860008539,8047.98,52094.945899
1523860008562,8047.98,52181.864083
1523860009488,8045.39,56204.795441
1523860012074,8045.39,56204.795441
1523860014655,8045.34,56741.419619
1523860014663,8045.34,56829.918359
1523860017072,8045.34,56829.918359
1523860019726,8045.34,106681.105918
1523860022072,8045.34,106681.105918
1523860023489,8047.78,0.9999999999999971
1523860023548,8047.78,69.40612999999999
1523860023622,8047.78,137.81226
1523860023963,8047.73,206.217965
1523860024506,8047.73,249.675707
1523860024519,8047.73,361.539154
1523860025515,8045.88,394.527262
1523860026536,8045.88,731.649634
1523860027085,8045.88,731.649634
1523860027512,8045.88,8407.419154
1523860028411,8045.88,10016.595154
1523860028655,8045.88,12863.227498
1523860029653,8046.93,31646.371504
1523860029747,8046.86,31726.035418
1523860030520,8047.04,32849.402202
1523860031569,8047.08,33251.756202
1523860032081,8047.08,33251.756202
1523860032429,8047.67,34717.819163
1523860034819,8047.73,34783.810549
1523860035957,8045.88,35992.507075
1523860037084,8045.88,35992.507075
1523860037786,8047.93,40644.210615
1523860039636,8045.88,41983.345723
1523860040242,8047.98,43490.030103
1523860040542,8047.98,53167.828577
1523860040664,8047.98,54692.115989
1523860041581,8047.98,55596.913989
1523860041953,8047.98,65623.189997
1523860042076,8047.98,65623.189997
1523860042357,8045.2,68724.62835
1523860042621,8047.46,68774.62835
1523860043387,8045.25,69370.781375
1523860043715,8047.46,74078.544861
1523860043974,8047.46,75530.934861
1523860044596,8047.46,76382.356129
1523860045474,8047.41,76474.096603
1523860046522,8045.35,76544.895683
1523860046741,8045.35,76989.935038
1523860047103,8045.35,76989.935038
1523860047401,8046.38,125268.224434
1523860050777,8047.78,125348.702234
1523860051535,8046.46,125374.450906
1523860052097,8046.46,125374.450906
1523860055983,8047.98,125443.663534
1523860056881,8047.98,125524.143334
1523860057085,8047.98,125524.143334
1523860058657,8047.98,128699.876242
1523860058993,8047.98,128780.356042
1523860060521,8047.98,128860.835842
1523860062532,8047.98,128860.835842
1523860067525,8047.98,128860.835842
1523860069787,8047.97,129569.862738
1523860069832,8047.98,130337.751862
1523860070922,8050.0,170030.67752
1523860071832,8052.54,173089.706121
1523860072523,8052.54,173089.706121
1523860072940,8052.53,173199.220529
1523860073416,8052.53,173298.266648
1523860073419,8052.53,173448.043706
1523860073739,8052.53,173850.670206
1523860074817,8052.53,174073.725287
1523860075397,8052.53,175172.090379
1523860075459,8052.53,175254.226185
1523860075642,8052.53,175415.276785
1523860076809,8052.53,175451.51317
1523860077454,8052.53,175660.87895
1523860077462,8052.53,175697.115335
1523860077573,8052.53,175722.883431
1523860077605,8052.53,175722.883431
1523860078425,8052.53,176326.823181
1523860079582,8052.53,177219.848758
1523860079821,8052.53,180353.091242
1523860079825,8052.53,180599.49866
1523860080797,8052.53,204515.51276
1523860080801,8052.53,321.295947
1523860081363,8052.53,1038.90766
1523860081570,8052.53,1591.311218
1523860081639,8052.53,2075.268271
1523860082343,8052.58,2867.642143
1523860082537,8052.58,2867.642143
1523860082537,8052.58,2987.625585
1523860084590,8052.58,3068.151385
1523860085513,8052.58,3130.156251
1523860087542,8052.58,3130.156251
1523860087864,8052.79,3332.28128
1523860088770,8052.59,4090.029999
1523860092550,8052.59,4090.029999
1523860092965,8052.59,5700.547999
1523860093499,8052.57,11867.206399
1523860094488,8052.68,12051.61258
1523860095940,8052.78,12132.14038
1523860096894,8052.78,12373.72378
1523860096941,8052.78,13967.368942
1523860097472,8052.78,14283.843196
1523860097491,8052.78,14723.524984
1523860097580,8052.78,14723.524984
1523860097735,8052.78,14943.365878
1523860098960,8052.92,15016.64745
1523860100787,8053.03,15193.80745
1523860102667,8053.03,15193.80745
1523860105633,8056.11,18030.427766
1523860106530,8056.15,18884.379666
1523860106974,8056.15,19025.362291
1523860107474,8056.15,19553.845731
1523860107481,8056.15,19694.828356
1523860107558,8056.15,19694.828356
1523860107931,8056.15,20204.719651
1523860108425,8056.15,20845.989191
1523860108717,8056.15,69219.321866
1523860108978,8056.15,69255.574541
1523860109444,8056.15,69389.306631
1523860109970,8056.15,69456.172676
1523860109987,8056.15,69502.092731
1523860110653,8056.15,69528.678026
1523860111221,8056.15,69587.487921
1523860111484,8056.21,70592.902845
1523860112547,8056.21,70592.902845
1523860114591,8057.75,73009.86510072772
1523860115966,8058.0,97379.77611072773
1523860116682,8053.04,98966.22499072773
1523860117575,8053.04,98966.22499072773
1523860120564,8056.16,99490.68100672773
1523860122564,8056.16,99490.68100672773
1523860127551,8056.16,99490.68100672773
1523860128855,8056.16,99619.57956672773
1523860128929,8057.79,100617.93173672773
1523860129796,8055.79,102548.09902072772
1523860130755,8055.79,102822.80145972772
1523860131415,8053.03,103959.89588772773
1523860132405,8053.03,104424.55571872773
1523860132561,8053.03,104424.55571872773
1523860133278,8058.0,130712.26645972773
1523860133451,8058.0,130993.48543072773
1523860133842,8052.68,132206.44030172774
1523860134234,8052.68,133742.89164572774
1523860134420,8052.68,133747.72325372772
1523860134998,8055.34,182079.90290372772
1523860135914,8055.34,182941.95728372774
1523860137555,8055.34,182941.95728372774
1523860140403,8052.84,185543.78892272772
1523860141601,8050.0,225.4
1523860141617,8050.0,1076.285
1523860141835,8050.0,1568.94482
1523860142532,8048.08,2378.583578
1523860142617,8048.08,2378.583578
1523860144846,8049.99,2781.082898
1523860146731,8048.03,3511.844022
1523860146749,8049.99,3970.693452
1523860147208,8047.98,4460.010636
1523860147570,8047.98,4460.010636
1523860147597,8047.98,4708.693218
1523860147975,8047.98,9351.664992
1523860148688,8052.79,9432.192892
1523860149522,8049.62,10011.765532
1523860152589,8049.62,10011.765532
1523860157966,8049.62,10011.765532
1523860159365,8052.0,10109.999932
1523860160524,8052.0,10239.637132
1523860160622,8052.0,10370.079532
1523860162595,8052.0,10370.079532
1523860162992,8052.0,10564.937932
1523860163718,8052.84,14406.142612
1523860164162,8052.84,14808.784612
1523860167591,8052.84,14808.784612
1523860170673,8052.0,16671.212212
1523860172576,8052.0,16671.212212
1523860175759,8051.95,17436.147462
1523860176921,8051.96,17444.199422
1523860177584,8051.96,17444.199422
1523860179815,8051.96,18057.758774
1523860181743,8041.09,117375.61382025889
1523860182647,8041.09,117375.61382025889
1523860186566,8042.42,117536.4622202589
1523860186954,8041.19,125577.7093202589
1523860187652,8041.19,125577.7093202589
1523860187821,8042.09,126067.4366482589
1523860192354,8041.2,128703.3430442589
1523860192585,8041.2,128703.3430442589
1523860194761,8042.1,135868.9815372589
1523860197894,8042.1,135868.9815372589
1523860202585,8042.1,135868.9815372589
1523860204328,8042.1,0.0
1523860204483,8046.69,629.68086
1523860207599,8046.69,629.68086
1523860212601,8046.69,629.68086
1523860217591,8046.69,629.68086
1523860218693,8046.0,710.14086
1523860218709,8046.0,983.70486
1523860222607,8046.0,983.70486
1523860224803,8046.74,1110.843352
1523860227601,8046.74,1110.843352
1523860228964,8046.02,1122.10778
1523860229873,8046.74,4221.712028
1523860231747,8046.74,4711.212028
1523860232591,8046.74,4711.212028
1523860237434,8046.74,4716.152028
1523860237602,8046.74,4716.152028
1523860238745,8046.74,9197.372028
1523860242614,8046.74,9197.372028
1523860247775,8046.74,9197.372028
1523860250737,8046.82,9277.84022358563
1523860251609,8046.82,9381.64420158563
1523860252608,8046.82,9381.64420158563
1523860253659,8046.82,9452.095556
1523860257624,8046.82,9452.095556
1523860260931,8046.98,9466.58012
1523860260934,8051.45,80.5145
1523860262610,8051.45,80.5145
1523860263623,8049.5,161.0095
1523860264187,8049.21,21171.862363
1523860267612,8049.21,21171.862363
1523860268556,8051.45,21217.755628
1523860272537,8051.28,21305.51458
1523860272631,8051.28,21305.51458
1523860273766,8051.28,21458.4889
1523860277759,8051.28,21458.4889
1523860280755,8048.09,21542.993995
1523860282755,8048.09,21542.993995
1523860285943,8049.68,29526.666619
1523860287309,8048.51,29801.925661
1523860287768,8048.51,29801.925661
1523860291706,8051.28,29821.248733
1523860292748,8051.28,29821.248733
1523860295749,8048.51,30028.902921
1523860297753,8048.51,30028.902921
1523860301526,8048.51,30163.313038
1523860302754,8048.51,30163.313038
1523860302961,8048.86,33386.881468
1523860307767,8048.86,33386.881468
1523860311419,8049.21,33547.865668
1523860312483,8049.16,33635.601512
1523860312758,8049.16,33635.601512
1523860313474,8051.28,33854.596328
1523860313518,8049.16,33943.137088
1523860313527,8049.16,33948.7715
1523860314580,8049.15,33964.8698
1523860317741,8050.1,36621.4028
1523860317822,8050.1,36621.4028
1523860322493,8051.28,4428.204
1523860322767,8051.28,4428.204
1523860324458,8049.46,4638.294906
1523860327283,8051.28,5209.914192
1523860327769,8051.28,5209.914192
1523860327989,8051.28,13844.106864
1523860330691,8051.23,13902.876864
1523860331338,8051.23,13933.471538
1523860331970,8051.28,21171.521538
1523860332787,8051.28,21171.521538
1523860333394,8051.28,22177.121538
1523860336533,8051.23,24787.041538
1523860337778,8051.23,24787.041538
1523860341496,8051.23,25034.214299
1523860342782,8051.23,25034.214299
1523860345957,8051.23,25955.275011
1523860347472,8049.07,25971.373151
1523860347523,8049.07,25987.471291
1523860347816,8049.07,25987.471291
1523860348439,8049.07,26101.768085
1523860350714,8050.15,66694.64946
1523860352783,8050.15,66694.64946
1523860353437,8051.23,68304.89546
1523860355584,8049.28,68424.829432
1523860356387,8049.28,68484.394104
1523860357699,8051.28,73315.1587172067
1523860357791,8051.28,73315.1587172067
1523860360425,8049.28,73579.97875420669
1523860362897,8049.28,73579.97875420669
1523860363467,8051.23,79908.8365802067
1523860364566,8049.23,80391.7903802067
1523860364825,8049.23,80794.25188020669
1523860366919,8051.23,81026.9324272067
1523860367712,8051.23,81259.6129742067
1523860367997,8051.23,81259.6129742067
1523860368592,8049.23,82064.5359742067
1523860370512,8051.22,83426.40597420669
1523860370828,8049.99,83506.9058742067
1523860370986,8051.22,83788.6862742067
1523860372599,8049.99,83869.1861742067
1523860373094,8051.0,85802.2312742067
1523860373095,8051.0,85802.2312742067
1523860374400,8049.99,85882.7311742067
1523860377505,8050.02,85993.01644820669
1523860377977,8050.02,85993.01644820669
1523860379258,8050.02,86058.2216102067
1523860379417,8050.02,89956.8462962067
1523860381618,8049.99,52.324935
1523860382984,8049.99,52.324935
1523860384736,8049.99,282.554649
1523860386376,8051.0,2551.228449
1523860386564,8051.0,3361.964149
1523860387255,8051.0,3432.007849
1523860387820,8051.0,3966.594249
1523860387983,8051.0,3966.594249
1523860389606,8051.0,4451.272269
1523860390382,8051.23,4969.765217
1523860390758,8051.27,5390.041511
1523860391639,8051.0,5600.172611
1523860392983,8051.0,5600.172611
1523860394644,8051.28,6002.736611
1523860397983,8051.28,6002.736611
1523860399482,8051.5,7230.5754806947825
1523860400814,8051.5,7311.090480694782
1523860402991,8051.5,7311.090480694782
1523860408013,8051.5,7311.090480694782
1523860409853,8051.5,8584.032630694783
1523860410788,8051.28,9197.540166694782
1523860411630,8051.95,21432.729173793305
1523860412729,8051.95,21593.768173793305
1523860412990,8051.95,21593.768173793305
1523860414377,8052.0,23162.297773793303
1523860414446,8052.0,23564.897773793302
1523860414851,8052.0,24196.979773793304
1523860415472,8052.0,24630.982573793302
1523860416236,8052.0,25554.112173793303
1523860416720,8052.0,26665.842173793302
1523860417363,8058.67,28112.250191534487
1523860417992,8058.67,28112.250191534487
1523860419683,8051.95,29534.235985534488
1523860421598,8055.53,77867.41598553449
1523860422993,8055.53,77867.41598553449
1523860427525,8056.19,91807.18265453448
1523860428001,8056.19,91807.18265453448
1523860428863,8056.19,91886.13331653448
1523860432522,8058.59,92226.20536453449
1523860432996,8058.59,92226.20536453449
1523860433542,8058.54,92286.64441453449
1523860436555,8053.9,92597.52495453449
1523860436955,8058.39,92766.74474453449
1523860437581,8053.9,92829.59857253448
1523860437855,8053.9,93254.84449253448
1523860438004,8053.9,93254.84449253448
1523860441397,8059.06,4732.88496
1523860443003,8059.06,4732.88496
1523860445710,8059.95,8631.991055
1523860447392,8053.03,8692.38878
1523860448001,8053.03,8692.38878
1523860448434,8053.08,8751.981572
1523860452710,8053.23,9089.41174
1523860453068,8053.23,9089.41174
1523860453185,8053.83,9193.306147
1523860453598,8053.83,10826.762298
1523860454263,8053.88,10929.851962
1523860454396,8059.19,14086.35657
1523860454844,8053.88,14222.543606
1523860456785,8059.82,14245.111102
1523860457605,8054.08,15050.519102
1523860458013,8054.08,15050.519102
1523860460809,8054.18,17995.932728
1523860463013,8054.18,17995.932728
1523860467375,8060.0,20035.918728
1523860467518,8059.82,20064.128098
1523860468023,8059.82,20064.128098
1523860468394,8059.82,20131.830586
1523860468490,8060.0,22436.990586
1523860470824,8059.82,22466.005938
1523860470844,8059.77,23271.986928
1523860471672,8060.0,26473.418686
1523860471821,8060.0,27677.582686
1523860472745,8060.0,33027.004686
1523860473024,8060.0,33027.004686
1523860473628,8060.05,33060.856896
1523860477398,8062.0,33220.484496
1523860478151,8062.0,33220.484496
1523860478795,8062.0,33903.335896
1523860479403,8062.1,33920.266306
1523860479696,8064.58,34100.912898
1523860481388,8062.1,35526.292178
1523860482828,8064.58,35673.873992
1523860483010,8064.58,35673.873992
1523860483530,8062.15,35972.979757
1523860483604,8064.58,36026.205985
1523860486694,8062.34,36325.318799
1523860487903,8062.27,36333.381069
1523860488011,8062.27,36333.381069
1523860492622,8062.24,36648.639357
1523860493014,8062.24,36648.639357
1523860494709,8062.24,36717.168397
1523860495571,8062.24,36922.755517
1523860495679,8062.0,37176.712141
1523860496468,8062.87,37245.246536
1523860496562,8062.23,37356.50531
1523860497308,8062.3,37468.57128
1523860497544,8062.3,37579.83102
1523860497973,8062.3,37648.36057
1523860498010,8062.3,37648.36057
1523860498690,8062.3,37717.69635
1523860499146,8062.3,37786.2259
1523860500542,8062.29,37855.561594
1523860500757,8062.0,439.379
1523860501326,8062.0,509.5184
1523860501494,8062.0,718.3242
1523860501808,8064.58,5102.069577
1523860502832,8064.62,5200.457941
1523860503105,8064.62,5200.457941
1523860504494,8064.62,6248.858541
1523860504576,8064.62,6266.600705
1523860505363,8064.62,6284.342869
1523860505712,8064.63,6445.632869
1523860505758,8064.63,6606.922869
1523860505774,8064.63,6784.342869
1523860508014,8064.63,6784.342869
1523860510759,8064.62,8979.5150346
1523860512904,8074.4,46874.2720346
1523860513021,8074.4,46874.2720346
1523860513460,8064.58,47277.5010346
1523860514446,8064.63,48919.4597026
1523860516778,8064.87,50454.9984506
1523860518012,8064.87,50454.9984506
1523860518740,8064.88,50463.8698186
1523860519375,8064.88,63042.2888726
1523860519554,8064.88,63061.6445946
1523860520578,8065.24,64617.4293906
1523860520655,8065.51,64852.1357316
1523860521267,8065.51,64914.2401586
1523860521548,8065.51,65290.0929246
1523860523019,8065.51,65290.0929246
1523860523467,8065.0,67287.7934246
1523860526731,8065.51,68857.5516046
1523860527459,8065.51,69307.6070626
1523860528025,8065.51,69307.6070626
1523860528457,8065.51,69339.8691026
1523860528728,8065.51,69348.7411636
1523860529463,8065.51,69360.0328776
1523860530903,8065.51,69442.3010796
1523860531681,8065.55,69877.8407796
1523860532512,8065.55,71490.9507796
1523860533023,8065.55,71490.9507796
1523860534418,8065.51,71573.2190816
1523860534675,8066.89,74581.3623626
1523860535822,8066.89,74685.4252436
1523860537058,8066.89,76706.9878776
1523860538022,8066.89,76706.9878776
1523860538507,8066.88,76776.9878776
1523860539378,8067.57,83235.80622704496
1523860540445,8067.57,86080.43140904496
1523860543043,8067.57,86080.43140904496
1523860545676,8069.19,86523.11181515496
1523860548020,8069.19,86523.11181515496
1523860548598,8068.81,86840.21604815497
1523860550886,8070.66,89328.79025626495
1523860551730,8068.8,103266.63836726475
1523860552564,8068.8,103470.77900726476
1523860553025,8068.8,103470.77900726476
1523860553496,8068.8,103674.91964726476
1523860554582,8068.31,103781.42133926475
1523860556308,8069.0,107606.08283895729
1523860556559,8068.31,107653.68586795729
1523860557914,8069.0,108557.4138679573
1523860558031,8069.0,108557.4138679573
1523860558813,8069.0,108960.86386795729
1523860559451,8069.0,109767.76386795728
1523860559752,8069.0,110171.21386795728
1523860563031,8069.0,110171.21386795728
1523860563744,8069.0,282.415
1523860564482,8068.8,1998.663399
1523860564535,8069.0,2246.378159
1523860565583,8069.0,2340.785459
1523860565970,8069.0,2399.689159
1523860566547,8068.89,2408.564938
1523860566720,8069.0,16312.258838
1523860567802,8069.0,18212.508338
1523860568037,8069.0,18212.508338
1523860568679,8069.0,21657.971338
1523860569494,8069.0,22150.171338
1523860569936,8069.0,22311.551338
1523860570611,8075.76,49505.172842817905
1523860571845,8074.04,54283.32090981791
1523860571860,8074.04,58319.8409098179
1523860572463,8074.03,59312.94659981791
1523860572874,8074.04,63509.8325918179
1523860573114,8074.04,63509.8325918179
1523860573513,8075.71,63671.21259181791
1523860573762,8075.71,63832.592591817905
1523860574852,8075.71,65157.27743181791
1523860575747,8075.76,65318.657431817905
1523860576237,8074.15,69565.72267997058
1523860577429,8075.75,69942.05075997057
1523860578036,8075.75,69942.05075997057
1523860581401,8076.41,118776.56514397057
1523860581958,8075.9,119139.98064397057
1523860583028,8075.9,119139.98064397057
1523860583215,8077.07,119187.63535697057
1523860583904,8077.07,119420.45809463058
1523860585366,8077.07,122721.35348197058
1523860587754,8078.67,122817.48965497057
1523860588052,8078.67,122817.48965497057
1523860588471,8078.67,122821.26006368057
1523860588953,8077.15,122902.03156368058
1523860589638,8077.17,122930.30164168058
1523860589891,8077.25,123221.08264168058
1523860593043,8077.25,123221.08264168058
1523860593476,8079.99,125836.21412068057
1523860594502,8079.99,133916.20412068057
1523860595217,8079.99,133931.5561016806
1523860596715,8080.0,140890.85981868056
1523860598047,8080.0,140890.85981868056
1523860600703,8079.99,142464.84237068056
1523860600851,8079.99,142582.81022468058
1523860601463,8079.99,142818.74593268058
1523860601551,8080.0,145102.15393268058
1523860602180,8079.99,145308.19367768057
1523860602634,8080.0,145369.7136776806
1523860602857,8079.99,146374.05643468056
1523860603045,8079.99,146374.05643468056
1523860603427,8080.0,146520.0923776806
1523860604616,8079.99,146558.06833068057
1523860605588,8079.99,146596.0442836806
1523860606171,8080.0,146637.25228368057
1523860606399,8080.0,146677.65228368057
1523860606817,8080.0,146697.85228368058
1523860607405,8080.0,147804.81228368057
1523860607690,8080.0,150018.73228368058
1523860608059,8080.0,150018.73228368058
1523860608318,8080.0,151125.69228368058
1523860610965,8079.99,151800.37144868058
1523860613050,8079.99,151800.37144868058
1523860613816,8080.0,152041.9634486806
1523860617108,8079.95,178723.70341868058
1523860617622,8077.36,182112.15593868057
1523860618056,8077.36,182112.15593868057
1523860618477,8077.08,182273.69753868057
1523860619562,8069.64,182562.67845068057
1523860621916,8069.69,277.597336
1523860622439,8069.69,293.736716
1523860623048,8069.69,293.736716
1523860623484,8069.64,1077.29876
1523860624600,8069.02,1508.183562
1523860625323,8068.81,3215.560417
1523860625642,8065.55,6543.912565
1523860625835,8065.51,9908.036786
1523860626726,8069.07,10279.596226
1523860627481,8068.78,10491.80514
1523860627706,8068.78,10895.24414
1523860628051,8068.78,10895.24414
1523860628510,8068.59,10975.123181
1523860628609,8068.78,17271.967057
1523860629967,8068.95,18454.883779
1523860633063,8068.95,18454.883779
1523860633535,8065.01,23930.458501
1523860634943,8066.13,24193.414339
1523860636699,8066.05,24241.004064
1523860637363,8066.05,25102.350308
1523860637645,8066.04,25125.741824
1523860638060,8066.04,25125.741824
1523860638202,8065.01,25528.992324
1523860638440,8065.01,25932.242824
1523860639381,8065.01,26093.543024
1523860640531,8065.89,26322.6143
1523860640941,8065.88,26483.9319
1523860642262,8065.02,26704.115598
1523860642537,8066.24,27204.115598
1523860643079,8066.24,27204.115598
1523860644499,8065.02,27365.415998
1523860647498,8069.01,27492.058976296703
1523860648067,8069.01,27492.058976296703
1523860650473,8062.93,43811.554397296706
1523860653063,8062.93,43811.554397296706
1523860655692,8063.29,43994.591080296705
1523860656911,8069.0,44220.4491302967
1523860657756,8064.9,44256.7411802967
1523860658060,8064.9,44256.7411802967
1523860658660,8064.95,44309.9698502967
1523860658992,8066.95,92711.6698502967
1523860662580,8072.56,93921.6870802967
1523860663071,8072.56,93921.6870802967
1523860666974,8069.12,94897.73524629671
1523860667607,8069.01,94938.8872282967
1523860668072,8069.01,94938.8872282967
1523860669229,8068.32,94942.1145562967
1523860669462,8068.73,94971.9688572967
1523860669836,8069.13,94996.9831602967
1523860670590,8068.83,95067.18256129671
1523860671404,8072.38,95355.6925612967
1523860672513,8071.03,95517.1131612967
1523860673073,8071.03,95517.1131612967
1523860673374,8071.03,95528.4126032967
1523860675729,8071.03,95872.2384812967
1523860678084,8071.03,95872.2384812967
1523860678410,8072.51,95973.1448562967
1523860678849,8071.03,96079.6824522967
1523860679410,8071.03,96263.7019362967
1523860679696,8074.58,96425.1935362967
1523860681938,8072.73,21978.814698
1523860683083,8072.73,21978.814698
1523860685721,8072.96,21984.46577
1523860686544,8072.96,22082.148586
1523860686599,8072.96,22176.602218
1523860687454,8074.99,28752.874074
1523860687799,8072.96,28848.135002
1523860688082,8072.96,28848.135002
1523860688499,8077.03,30192.960497
1523860689780,8074.98,30203.457971
1523860690652,8077.03,32395.25042
1523860693073,8077.03,32395.25042
1523860698084,8077.03,32395.25042
1523860702797,8080.0,35906.79964661978
1523860703079,8080.0,35906.79964661978
1523860704242,8075.61,36270.20209661978
1523860706503,8079.93,36351.00139661978
1523860708089,8079.93,36351.00139661978
1523860708497,8077.81,36430.97171561978
1523860708792,8079.93,36730.73711861978
1523860708937,8079.93,37511.25835661978
1523860710645,8079.93,37663.16096061978
1523860711707,8079.93,37904.75086761978
1523860712486,8079.93,38569.72910661978
1523860712602,8080.0,70889.72910661978
1523860712759,8080.0,71805.19110661978
1523860713103,8080.0,71805.19110661978
1523860713454,8080.0,71961.94310661979
1523860713483,8080.0,72605.11110661978
1523860713607,8080.0,76589.69110661978
1523860713912,8080.0,77181.95110661977
1523860714616,8080.0,77383.14310661978
1523860714625,8080.0,213627.29510661977
1523860714687,8079.05,279920.7821066198
1523860715528,8080.0,281276.6021066198
1523860716460,8080.0,281721.2221066198
1523860717261,8080.0,282011.2941066198
1523860718101,8080.0,282011.2941066198
1523860721593,8079.99,283724.3438796198
1523860721689,8080.0,285738.5796526198
1523860723111,8080.0,285738.5796526198
1523860723507,8080.0,286578.09165261977
1523860723777,8080.0,445291.7452896198
1523860724451,8080.0,449643.8092896198
1523860724606,8080.0,454020.9952896198
1523860724641,8080.0,474747.00328961975
1523860724927,8080.0,539936.4432896198
1523860726000,8080.0,549995.6312896198
1523860726547,8080.0,551769.1912896198
1523860726653,8080.0,605331.5092896197
1523860726716,8080.0,605461.5972896197
1523860727471,8080.0,718015.3192896198
1523860728117,8080.0,718015.3192896198
1523860728499,8080.0,719118.3392896198
1523860728618,8080.0,719692.8292896198
1523860729222,8080.0,724434.8132896197
1523860729488,8080.0,724596.4132896197
1523860729859,8079.99,726819.2208506198
1523860730860,8080.0,737235.4324116198
1523860730951,8080.0,737276.6404116198
1523860731584,8080.0,756765.6004116198
1523860731896,8080.0,764722.4564116198
1523860732908,8080.0,769479.1464116197
1523860732926,8080.0,772859.4164116197
1523860733234,8080.0,772859.4164116197
1523860733501,8080.0,774242.7124116197
1523860733712,8080.0,779116.5684116198
1523860734365,8080.0,779763.0884116198
1523860734501,8080.0,780957.3124116198
1523860734739,8080.0,781750.0144116197
1523860735560,8080.0,796626.0948016198
1523860736395,8080.0,804229.3748016198
1523860738240,8080.0,804229.3748016198
1523860740708,8080.0,824472.9408016198
1523860741470,8080.0,831062.3602626198
1523860741493,8080.0,864575.7762626198
1523860741927,8080.0,1039923.3562626197
1523860741929,8080.0,59365.546922
1523860742389,8080.0,74982.570922
1523860742804,8080.0,85264.116922
1523860743262,8080.0,85264.116922
1523860743499,8080.0,103224.340922
1523860743565,8080.0,103767.316922
1523860743574,8079.99,105716.21291
1523860743791,8080.0,107115.21091
1523860744504,8080.0,110241.36291
1523860744540,8080.0,110951.59491
1523860744792,8080.0,111802.41891
1523860745564,8080.0,112654.85891
1523860745821,8080.0,129638.20891
1523860746242,8080.0,131705.06891
1523860746654,8080.0,151523.09891
1523860747405,8080.0,159031.84291
1523860747725,8080.0,248617.61211
1523860748292,8080.0,248617.61211
1523860748437,8080.0,251953.03611
1523860748533,8080.0,263330.60211
1523860748903,8080.0,263508.36211
1523860748942,8079.99,263781.465772
1523860749596,8080.0,270665.623772
1523860749807,8080.0,277339.285772
1523860749955,8080.0,277583.301772
1523860750544,8080.0,279863.467772
1523860750630,8080.0,285659.317772
1523860751248,8079.99,285671.437757
1523860751604,8080.0,296784.897757
1523860752345,8080.0,297100.825757
1523860752798,8080.0,298367.763757
1523860753268,8080.0,298367.763757
1523860753458,8080.0,298964.067757
1523860753480,8079.99,312382.839973
1523860753861,8080.0,312560.599973
1523860754561,8080.0,312609.079973
1523860755813,8080.0,318367.499973
1523860756549,8080.0,323570.723973
1523860758267,8080.0,323570.723973
1523860760948,8078.63,334350.310145
1523860761572,8080.0,367142.918185
1523860762200,8080.0,386594.076185
1523860762444,8080.0,388828.996185
1523860762447,8080.0,388917.068185
1523860762793,8080.0,392416.712185
1523860763269,8080.0,392416.712185
1523860763649,8080.0,392562.672185
1523860763882,8080.0,393014.344185
1523860764679,8080.0,398163.724185
1523860765589,8076.74,400075.805981
1523860766415,8080.0,408719.077981
1523860766585,8080.0,436260.181888
1523860767371,8080.0,436521.120232
1523860767438,8078.48,440645.588576
1523860767807,8078.48,440878.2488
1523860768380,8078.48,440878.2488
1523860768547,8078.48,441037.049528
1523860768637,8080.0,442087.239528
1523860769419,8080.0,442264.969528
1523860770537,8080.0,442420.105528
1523860770644,8080.0,442597.825528
1523860770900,8078.44,443019.539596
1523860770942,8078.38,443563.189546
1523860773274,8078.38,443563.189546
1523860773585,8076.63,443663.339758
1523860776490,8080.0,446167.423821
1523860777502,8075.28,452627.647821
1523860778181,8080.0,456667.307821
1523860778298,8080.0,456667.307821
1523860778620,8080.0,466243.851821
1523860778631,8073.94,466667.789401
1523860779555,8073.94,466676.670735
1523860779927,8073.95,466817.157465
1523860780544,8073.95,467178.870425
1523860780883,8073.95,467450.155145
1523860781555,8073.94,467802.179265
1523860781587,8073.95,468846.141
1523860782439,8073.95,470594.151056
1523860783312,8073.95,470594.151056
1523860783628,8080.0,471143.966992
1523860786447,8080.0,471255.470892
1523860788330,8080.0,471255.470892
1523860790820,8079.0,475296.990892
1523860792491,8080.0,481351.180892
1523860793288,8080.0,481351.180892
1523860795643,8079.78,481512.776492
1523860796412,8076.2,482008.657972
1523860797379,8079.0,482797.976272
1523860797750,8078.2,482898.145952
1523860798293,8078.2,482898.145952
1523860800587,8078.2,719.31
1523860801315,8078.2,743.5446
1523860801684,8078.2,1220.3946
1523860802293,8078.99,1381.9744
1523860803300,8078.99,1381.9744
1523860803757,8078.99,1462.7643
1523860804429,8078.14,1786.0843
1523860805432,8078.14,2068.9843
1523860806763,8077.9,6101.9023
1523860807453,8079.0,10142.872299999999
1523860808304,8079.0,10142.872299999999
1523860810259,8079.0,15049.0623
1523860810609,8079.0,19197.6288
1523860810741,8077.92,21169.3708
1523860813193,8079.0,22205.9065
1523860813306,8079.0,22205.9065
1523860813461,8079.0,22292.3518
1523860813874,8079.0,22465.2424
1523860814477,8079.0,23105.0992
1523860814693,8079.0,23186.6971
1523860814844,8079.0,23266.6792
1523860816002,8079.0,23346.6613
1523860816027,8079.0,23428.2592
1523860816079,8079.0,23509.8571
1523860816577,8079.0,23554.2916
1523860816703,8079.0,56430.994795
1523860817912,8079.0,56579.648395
1523860818316,8079.0,56579.648395
1523860818574,8079.0,56757.386395
1523860818936,8079.0,57617.799895
1523860819957,8079.0,57649.307995
1523860820677,8079.0,57944.191495
1523860822252,8076.78,73051.821107
1523860822488,8076.78,73667.271743
1523860823307,8076.78,73667.271743
1523860826773,8079.95,73958.1254654912
1523860827967,8080.0,78890.0254654912
1523860828319,8080.0,78890.0254654912
1523860828708,8080.0,90894.33936549119
1523860829339,8080.0,92144.2983894712
1523860829508,8080.0,92933.7143894712
1523860829561,8080.0,94764.1243894712
1523860829902,8080.0,94941.8843894712
1523860832937,8079.44,95406.4843894712
1523860833301,8079.44,95406.4843894712
1523860834395,8080.0,95584.2443894712
1523860834814,8079.46,95697.3568294712
1523860835744,8079.02,96837.30655147119
1523860837462,8079.0,97381.8312904712
1523860837478,8077.3,97788.1194804712
1523860838304,8077.3,97788.1194804712
1523860840475,8079.68,98749.6116724712
1523860840617,8079.68,98980.6916724712
1523860843308,8079.68,98980.6916724712
1523860844876,8080.0,115782.3085634712
1523860844909,8080.0,120196.3285634712
1523860845757,8080.0,139598.0858634712
1523860845807,8080.0,141731.2058634712
1523860847899,8076.93,142871.7435594712
1523860848313,8076.93,142871.7435594712
1523860848502,8080.0,230148.9235594712
1523860848905,8080.0,230326.6704494712
1523860849595,8076.94,230870.2430354712
1523860850215,8076.94,232450.1030354712
1523860850512,8080.0,232950.2519854712
1523860850821,8080.0,233094.0759854712
1523860851944,8076.92,233327.4959854712
1523860852438,8076.92,234952.8101694712
1523860852832,8076.92,235561.0000934712
1523860853704,8076.92,235561.0000934712
1523860853791,8076.92,235951.1100174712
1523860853841,8076.92,236498.0083414712
1523860853849,8076.92,237305.7003414712
1523860854409,8076.92,237768.5078574712
1523860854546,8080.0,242837.8998574712
1523860854936,8080.0,243015.6598574712
1523860855346,8080.0,244717.4598574712
1523860855713,8080.0,246493.8698574712
1523860857368,8080.0,258855.4618574712
1523860857805,8080.0,265765.4778574712
1523860858693,8080.0,265765.4778574712
1523860860796,8080.0,266987.9818574712
1523860860797,8080.0,177.76
1523860862489,8076.98,5856.850876
1523860862708,8079.52,8816.379052
1523860862711,8079.52,9320.5411
1523860863628,8078.49,57791.495202
1523860864527,8080.0,59993.185202
1523860864620,8080.0,59993.185202
1523860864847,8080.0,60170.945202
1523860865732,8080.0,71260.745052
1523860867232,8080.0,72141.905052
1523860867392,8080.0,75285.833052
1523860868606,8080.0,75641.523052
1523860868935,8080.0,75740.907052
1523860868979,8080.0,75740.907052
1523860869773,8080.0,75761.107052
1523860870458,8080.0,75955.027052
1523860870497,8076.93,78686.834954
1523860870588,8076.93,79236.066194
1523860870912,8079.79,84419.903874
1523860871456,8079.79,85126.07752
1523860871674,8079.44,85405.627189
1523860871703,8079.79,86731.367189
1523860872515,8079.79,87799.458973
1523860872822,8079.74,89961.928717
1523860873674,8079.74,90907.258717
1523860873743,8079.74,91357.296017
1523860873778,8080.0,92655.706017
1523860873844,8080.0,92655.706017
1523860874350,8080.0,93949.106017
1523860874507,8080.0,96356.138017
1523860874802,8080.0,97581.874017
1523860875819,8080.0,101038.498017
1523860876354,8080.0,101200.098017
1523860876688,8080.0,101394.018017
1523860878841,8080.0,101394.018017
1523860880564,8080.0,105482.038631
1523860880660,8080.0,105675.958631
1523860882452,8079.1,113755.058631
1523860882807,8080.0,116203.298631
1523860883836,8080.0,116203.298631
1523860884507,8080.0,116303.490631
1523860884632,8080.0,119399.412911
1523860885833,8080.0,128416.752911
1523860885888,8080.0,132456.752911
1523860885914,8079.93,138351.061846
1523860886372,8079.93,138380.957587
1523860886860,8080.0,138574.877587
1523860887385,8080.0,146362.337917
1523860888855,8080.0,146362.337917
1523860891344,8080.0,146556.257917
1523860891749,8080.0,147557.369066
1523860893540,8080.0,147594.537066
1523860893844,8080.0,147594.537066
1523860898859,8080.0,147594.537066
1523860900367,8080.0,173128.542106
1523860900709,8080.0,179690.310106
1523860900739,8080.0,180094.310106
1523860901283,8080.0,183321.462106
1523860901720,8080.0,186325.606106
1523860903426,8080.0,187363.886106
1523860903722,8080.0,187557.806106
1523860903846,8080.0,187557.806106
1523860904483,8080.0,189578.816106
1523860906015,8080.0,190078.968106
1523860906058,8080.0,190410.408106
1523860906723,8080.0,191065.696106
1523860907343,8079.1,191721.720226
1523860907475,8080.0,191915.640226
1523860907791,8080.0,194725.864226
1523860908467,8080.0,195578.304226
1523860908874,8080.0,195578.304226
1523860908953,8080.0,195646.174226
1523860910150,8080.0,196180.254226
1523860910643,8080.0,196713.794226
1523860910661,8080.0,197127.490226
1523860911504,8080.0,197321.410226
1523860912450,8080.0,203303.438226
1523860913194,8080.0,205324.448226
1523860913880,8080.0,205324.448226
1523860915963,8080.0,208000.774226
1523860916944,8080.0,209003.502226
1523860918321,8080.0,211797.048226
1523860918549,8080.0,212000.664226
1523860918875,8080.0,212000.664226
1523860919399,8080.0,216010.344226
1523860919796,8080.0,217567.360226
1523860920655,8080.0,3847.888
1523860920666,8080.0,4575.088
1523860920920,8080.0,4824.76
1523860921565,8080.0,8923.32
1523860921752,8080.0,9526.896
1523860922784,8080.0,11434.726
1523860923415,8080.0,12691.972
1523860923583,8079.54,12957.799906
1523860923899,8079.54,12957.799906
1523860924578,8080.0,28491.599906
1523860925112,8080.0,34150.419906
1523860925810,8080.0,39275.699906
1523860926783,8080.0,39599.059906
1523860927757,8080.0,39667.739906
1523860928583,8080.0,41268.369906
1523860929172,8080.0,41268.369906
1523860929292,8080.0,41478.449906
1523860929571,8080.0,44348.279906
1523860932352,8080.0,58458.373906
1523860932376,8080.0,58619.963906
1523860933880,8080.0,58619.963906
1523860936562,8080.0,71106.513906
1523860936957,8080.0,74267.273906
1523860937276,8080.0,95722.075906
1523860937489,8080.0,102186.075906
1523860937815,8080.0,108917.725906
1523860938600,8080.0,113894.181906
1523860938635,8080.0,117853.381906
1523860938844,8080.0,117895.397906
1523860938885,8080.0,117895.397906
1523860939837,8080.0,118218.577906
1523860940477,8080.0,205483.437906
1523860940576,8080.0,205645.027906
1523860941458,8080.0,264984.547906
1523860941530,8080.0,266601.347906
1523860941541,8080.0,268153.515906
1523860941778,8080.0,273623.665906
1523860942411,8080.0,273801.415906
1523860942887,8080.0,285320.263906
1523860943642,8080.0,292086.033906
1523860943675,8080.0,292553.057906
1523860943679,8080.0,296180.977906
1523860943939,8080.0,296180.977906
1523860943947,8080.0,299518.007906
1523860944504,8080.0,305035.605906
1523860944583,8080.0,306325.173906
1523860944954,8080.0,307343.253906
1523860945549,8080.0,311642.563906
1523860945840,8080.0,314874.563906
1523860946483,8080.0,327455.123906
1523860946685,8080.0,331403.581906
1523860947468,8080.0,331565.181906
1523860947872,8079.14,332997.827056
1523860947913,8080.0,333175.577056
1523860947926,8080.0,333362.225056
1523860948736,8080.0,333523.905056
1523860949004,8080.0,333523.905056
1523860949163,8080.0,340060.625056
1523860951202,8080.0,349229.637056
1523860953731,8080.0,355128.027056
1523860954189,8080.0,355128.027056
1523860954590,8080.0,361101.005056
1523860954883,8080.0,362283.907056
1523860955374,8080.0,365128.057056
1523860955892,8080.0,368642.967056
1523860956713,8080.0,369806.767056
1523860957306,8080.0,370146.117056
1523860957740,8080.0,371487.967056
1523860958387,8079.99,371698.046796
1523860958624,8079.99,372288.176796
1523860959001,8079.99,372288.176796
1523860959402,8079.99,375811.042636
1523860959573,8079.99,378195.381536
1523860960166,8079.99,378356.971536
1523860960400,8079.99,378534.721536
1523860960440,8079.99,378574.313487
1523860960649,8079.99,383229.069437
1523860961335,8080.0,397122.6239680853
1523860961519,8080.0,437684.2239680853
1523860961889,8080.0,445047.11996808526
1523860962349,8080.0,445855.11996808526
1523860962492,8080.0,446032.86996808526
1523860962856,8080.0,455279.2099680853
1523860963322,8080.0,457468.08196808526
1523860963461,8080.0,458069.23396808526
1523860963861,8080.0,462971.2639680853
1523860964021,8080.0,462971.2639680853
1523860964391,8080.0,463658.0639680853
1523860964619,8080.0,464358.5899680853
1523860965309,8080.0,466984.5899680853
1523860965823,8080.0,488614.0359680853
1523860965839,8080.0,556656.5239680853
1523860966453,8080.0,570105.6838860853
1523860966492,8080.0,570887.0198860853
1523860967509,8080.0,597361.0018860853
1523860969009,8080.0,597361.0018860853
1523860971415,8080.0,675789.5056930853
1523860972563,8080.0,689878.5187580853
1523860972659,8080.0,693320.5987580853
1523860973231,8080.0,695510.1007580853
1523860973575,8080.0,695849.4407580853
1523860973780,8080.0,697571.6087580853
1523860974021,8080.0,697571.6087580853
1523860974467,8080.0,697726.7447580852
1523860974471,8080.0,697888.3347580853
1523860974591,8080.0,705902.8867580853
1523860975457,8080.0,706710.8867580853
1523860975619,8080.0,710346.8867580853
1523860975690,8080.0,716516.7647580852
1523860976286,8080.0,725997.4147580853
1523860976546,8080.0,730809.8543430853
1523860977375,8080.0,734876.1143430853
1523860977515,8080.0,735287.3763430853
1523860977829,8080.0,739593.2083430853
1523860977871,8080.0,745252.0283430853
1523860978480,8080.0,745413.6183430853
1523860978623,8080.0,785991.3683430853
1523860979028,8080.0,785991.3683430853
1523860979294,8080.0,790839.3683430853
1523860979499,8080.0,796675.9383430852
1523860979773,8080.0,797483.9383430852
1523860980885,8080.0,800876.8383430853
1523860980887,8080.0,404.0
1523860981502,8080.0,1919.808
1523860981666,8080.0,8686.75
1523860982477,8080.0,13859.472
1523860982533,8080.0,15880.482
1523860982804,8080.0,16232.77
1523860983816,8080.0,29753.034
1523860983868,8080.0,31539.604
1523860983965,8080.0,97624.308
1523860984104,8080.0,97624.308
1523860984171,8080.0,111541.3
1523860984455,8080.0,114773.3
1523860985535,8080.0,123519.812
1523860989041,8080.0,123519.812
1523860989816,8080.0,199523.168316
1523860990760,8080.0,215474.21784
1523860991392,8080.0,218383.01784
1523860991691,8080.0,218901.75384
1523860992335,8080.0,222343.02584
1523860992482,8080.0,222634.04584
1523860992783,8079.1,226479.30533
1523860993508,8080.0,228846.32733
1523860994037,8080.0,228846.32733
1523860994542,8079.99,228957.831192
1523860995650,8079.99,229079.031042
1523860996483,8079.99,231913.491534
1523860996826,8079.99,235145.487534
1523860997452,8080.0,242289.823534
1523860997712,8080.0,242693.823534
1523860999057,8080.0,242693.823534
1523860999501,8080.0,243803.207534
1523861000519,8079.35,246274.814989
1523861000684,8080.0,255598.326989
1523861001515,8080.0,275725.606989
1523861001721,8079.99,275817.718875
1523861003892,8080.0,284835.540677
1523861004045,8080.0,284835.540677
1523861007505,8077.47,373867.79946759
1523861008497,8072.76,397325.93367459
1523861009047,8072.76,397325.93367459
1523861009373,8080.0,398987.18167459
1523861009435,8076.01,399147.08667259
1523861009570,8076.01,402582.62132659
1523861009838,8076.01,402902.43132259
1523861010762,8076.01,406132.83532259
1523861010795,8080.0,416802.01567459
1523861011555,8074.07,419571.42168459
1523861012147,8072.81,420068.70678059
1523861012525,8072.19,436165.03248059
1523861013180,8072.13,444795.75387659
1523861013446,8079.95,444808.68179659
1523861013984,8080.0,452907.35779659
1523861014199,8080.0,452907.35779659
1523861014805,8079.95,458181.64331859
1523861015526,8076.02,458567.67707459
1523861016216,8076.02,462684.12707459
1523861016532,8076.38,511142.2477791638
1523861016558,8076.02,511433.7921011638
1523861017430,8080.0,524287.24502015597
1523861018352,8073.02,528832.355280156
1523861018552,8072.98,529158.503672156
1523861018570,8072.98,529483.8447661559
1523861018856,8080.0,535740.919540156
1523861019213,8080.0,535740.919540156
1523861019414,8080.0,535758.695540156
1523861020479,8072.96,541156.816350156
1523861020580,8072.96,541237.5459501559
1523861022571,8072.96,545253.822317156
1523861023855,8079.94,545269.982197156
1523861024398,8079.94,545302.301977156
1523861025205,8079.94,545402.4932331559
1523861025298,8079.94,545402.4932331559
1523861025779,8072.92,545792.415269156
1523861026584,8077.42,545953.963669156
1523861029211,8077.42,545953.963669156
1523861029522,8079.95,570741.634279156
1523861032483,8076.47,619200.2953991559
1523861032784,8075.5,620703.9534991559
1523861033688,8075.5,622095.3621491559
1523861034213,8075.5,622095.3621491559
1523861035571,8073.21,622194.6626321559
1523861035635,8076.47,622257.659098156
1523861035671,8076.47,622383.652030156
1523861039312,8076.47,622383.652030156
1523861040894,8076.47,623314.788919156
1523861040894,8076.47,17852.641611
1523861041649,8076.47,17873.640433
1523861042184,8074.05,19825.138318
1523861042540,8076.47,19833.214788
1523861042869,8076.47,19877.635373
1523861043472,8076.47,19885.711843
1523861043594,8076.47,19893.788313
1523861044227,8076.47,19893.788313
1523861044388,8074.69,20426.829815
1523861044621,8080.0,34765.610052
1523861045814,8080.0,34865.802052
1523861047935,8079.95,36850.237772
1523861049224,8079.95,36850.237772
1523861050779,8079.95,39768.574088
1523861050821,8080.0,40633.134088
1523861052518,8079.95,40729.285493
1523861052913,8076.57,41926.233167
1523861054161,8079.95,42007.032667
1523861054216,8079.95,42007.032667
1523861057826,8078.96,43142.200431
1523861058407,8079.9,43784.550131
1523861059225,8079.9,43784.550131
1523861059329,8079.95,45225.681191
1523861059601,8079.95,45305.672696
1523861060525,8080.0,53229.717306
1523861062527,8078.28,101699.397306
1523861064231,8078.28,101699.397306
1523861064866,8079.95,106255.681111
1523861066728,8079.85,106755.823826
1523861069220,8079.85,106755.823826
1523861069814,8078.5,134936.863226
1523861070798,8079.95,148721.253746
1523861074221,8079.95,148721.253746
1523861076300,8079.95,150326.739811
1523861076455,8079.95,150409.155301
1523861077340,8079.95,150593.378161
1523861079223,8079.95,150593.378161
1523861081380,8079.95,151446.620881
1523861082694,8079.95,151546.812261
1523861083378,8080.0,152372.583596
1523861084275,8080.0,152372.583596
1523861084788,8080.0,152776.583596
1523861085674,8080.0,153258.959596
1523861085704,8080.0,154062.111596
1523861087737,8080.0,154466.111596
1523861088419,8080.0,154966.263596
1523861089232,8080.0,154966.263596
1523861089603,8080.0,160251.347493
1523861089619,8080.0,160761.195493
1523861090641,8080.0,161621.715493
1523861093077,8080.0,162642.219493
1523861093317,8079.99,162977.539078
1523861094238,8079.99,162977.539078
1523861094668,8080.0,166937.547078
1523861095535,8080.0,171006.635078
1523861095690,8080.0,171087.435078
1523861096562,8080.0,171491.435078
1523861096897,8080.0,171534.259078
1523861097518,8080.0,176382.259078
1523861097904,8080.0,191205.019078
1523861098847,8080.0,191265.619078
1523861099227,8080.0,191265.619078
1523861099573,8080.0,191365.811078
1523861099786,8080.0,191394.091078
1523861100463,8079.99,199167.041458
1523861100838,8079.99,500.151381
1523861100850,8079.99,745.782832
1523861101553,8078.37,7499.300152
1523861103469,8078.22,16902.348232
1523861104238,8078.22,16902.348232
1523861104311,8078.02,65370.768022
1523861104897,8080.0,78836.887727
1523861105540,8080.0,79240.887727
1523861106836,8080.0,82193.319727
1523861107212,8080.0,82598.935727
1523861108371,8080.0,88069.095727
1523861108675,8080.0,88146.663727
1523861109320,8080.0,88146.663727
1523861112403,8080.0,99246.967727
1523861112852,8080.0,140550.311727
1523861113392,8080.0,148630.311727
1523861113560,8080.0,152104.711727
1523861114165,8079.95,158665.631127
1523861114245,8079.95,158665.631127
1523861115824,8080.0,160301.023127
1523861116410,8080.0,163848.143127
1523861116845,8080.0,164252.143127
1523861117090,8080.0,164332.943127
1523861117766,8080.0,181350.231127
1523861118409,8080.0,182311.751127
1523861118821,8080.0,184215.399127
1523861119267,8080.0,184215.399127
1523861119378,8080.0,191778.279127
1523861119436,8080.0,192686.471127
1523861119591,8080.0,193575.271127
1523861120233,8080.0,193922.711127
1523861120559,8080.0,194011.591127
1523861120959,8080.0,195084.615127
1523861121508,8080.0,195488.615127
1523861121742,8080.0,200336.615127
1523861121770,8080.0,205540.135127
1523861122468,8080.0,205640.327127
1523861123418,8080.0,286440.327127
1523861123501,8080.0,289510.727127
1523861124250,8080.0,289510.727127
1523861124954,8080.0,289914.727127
1523861125677,8080.0,301010.183127
1523861125900,8080.0,301510.335127
1523861129252,8080.0,301510.335127
1523861131604,8080.0,303397.015127
1523861132442,8080.0,308349.247127
1523861132456,8080.0,309757.591127
1523861132850,8080.0,311971.511127
1523861134246,8080.0,311971.511127
1523861134431,8080.0,317449.751127
1523861134581,8080.0,319858.371047
1523861137491,8080.0,323849.083047
1523861137849,8080.0,328575.883047
1523861138240,8080.0,329180.267047
1523861138471,8080.0,329261.067047
1523861139273,8080.0,329261.067047
1523861139580,8079.99,329665.066547
1523861140314,8078.41,329737.772237
1523861140383,8078.8,329816.136597
1523861140892,8080.0,334150.232495
1523861140921,8080.0,347270.536495
1523861141406,8079.85,347755.334995
1523861141746,8080.0,352538.694995
1523861142940,8080.0,353728.070995
1523861143391,8080.0,354132.070995
1523861143401,8080.0,358184.190995
1523861143415,8080.0,358879.070995
1523861143632,8080.0,359283.070995
1523861144252,8080.0,359283.070995
1523861144296,8080.0,359492.342995
1523861144393,8080.0,360293.878995
1523861145694,8080.0,381398.838995
1523861149263,8080.0,381398.838995
1523861149506,8079.03,394108.44429
1523861149560,8080.0,394691.82029
1523861150490,8080.0,395763.22829
1523861151392,8080.0,396197.12429
1523861152308,8080.0,396601.12429
1523861153423,8080.0,407082.50029
1523861153605,8080.0,407254.60429
1523861154251,8080.0,407254.60429
1523861154736,8080.0,407554.37229
1523861155470,8080.0,411393.18029
1523861157354,8080.0,411945.04429
1523861157912,8078.84,411978.167534
1523861158509,8080.0,414060.383534
1523861158749,8079.89,414464.378034
1523861159260,8079.89,414464.378034
1523861159425,8079.89,414474.073902
1523861161686,8079.18,109.06893
1523861162511,8080.0,513.052366
1523861162691,8080.0,613.244366
1523861164262,8080.0,613.244366
1523861165760,8080.0,7812.510519
1523861166583,8080.0,7857.758519
1523861166594,8080.0,12216.106241
1523861166772,8080.0,13112.178241
1523861167569,8080.0,13183.282241
1523861168519,8080.0,13239.034241
1523861168606,8080.0,13643.034241
1523861169409,8080.0,14143.186241
1523861169519,8080.0,14143.186241
1523861169763,8080.0,14622.330241
1523861171405,8080.0,14668.386241
1523861172542,8080.0,15072.386241
1523861174534,8080.0,15072.386241
1523861174867,8080.0,15572.538241
1523861175633,8080.0,16046.0111
1523861175809,8080.0,16620.4991
1523861176963,8080.0,16805.5311
1523861177405,8080.0,19492.1311
1523861177418,8078.87,19511.520388
1523861178507,8078.87,19564.84093
1523861179515,8078.87,19564.84093
1523861182393,8079.9,63882.00745
1523861182476,8079.9,68729.94745
1523861183355,8080.0,71229.87693
1523861183526,8080.0,73201.39693
1523861183948,8080.0,75101.81293
1523861184728,8080.0,75101.81293
1523861185135,8080.0,77002.22893
1523861185793,8080.0,80073.43683
1523861187502,8080.0,80173.62883
1523861188794,8080.0,80335.22883
1523861189507,8079.44,80739.20083
1523861189662,8079.44,80739.20083
1523861189705,8079.44,80807.068126
1523861190344,8079.44,86652.620966
1523861190768,8079.41,87510.654308
1523861190934,8080.0,89011.110308
1523861191649,8080.0,89111.302308
1523861192460,8080.0,89515.302308
1523861192759,8080.0,91932.838308
1523861193524,8080.0,92768.310308
1523861194665,8080.0,92768.310308
1523861195537,8080.0,93427.638308
1523861198396,8079.9,97779.476548
1523861198420,8080.0,97879.668548
1523861199657,8080.0,97879.668548
1523861199719,8080.0,100423.248998
1523861199923,8079.91,100514.551981
1523861200564,8080.0,141277.254998
1523861201767,8080.0,141368.558998
1523861202403,8079.91,141772.554498
1523861203456,8079.91,141788.714318
1523861204308,8079.91,141821.033958
1523861204312,8079.91,141837.193778
1523861204547,8079.91,141937.384662
1523861204555,8079.9,143028.171162
1523861204672,8079.9,143028.171162
1523861205848,8079.91,143432.166662
1523861206361,8079.91,144931.797958
1523861207681,8079.9,151428.845695
1523861208926,8079.52,151509.640895
1523861209666,8079.52,151509.640895
1523861210720,8079.52,151848.172783
1523861211491,8079.0,151864.330783
1523861212485,8079.53,155677.06099
1523861214676,8079.53,155677.06099
1523861216155,8078.84,169954.848215
1523861217448,8079.0,170454.938315
1523861218458,8079.0,170859.696215
1523861218946,8079.0,170972.802215
1523861219579,8079.0,171072.981815
1523861219684,8079.0,171072.981815
1523861220734,8079.0,171102.874115
1523861221697,8078.84,2534.332108
1523861222417,8078.69,2939.074477
1523861222641,8079.0,3159.631177
1523861223417,8079.0,3553.872807
1523861223463,8079.0,3577.301907
1523861224516,8078.23,8424.239907
1523861224672,8078.23,8424.239907
1523861225228,8078.09,8891.153509
1523861225475,8078.09,8971.934409
1523861227508,8077.98,9214.274009
1523861227715,8075.0,11292.646556
1523861228872,8077.98,11473.593138
1523861229688,8077.98,11473.593138
1523861231630,8078.84,12383.173837
1523861232594,8076.4,12868.565477
1523861233842,8076.4,12888.756477
1523861233943,8077.98,13030.928925
1523861234676,8077.98,13030.928925
1523861234883,8079.0,13435.685561
1523861236695,8078.99,13613.423341
1523861237370,8078.99,13653.818291
1523861237590,8078.99,13829.940273
1523861238392,8079.0,14796.188521
1523861238826,8079.53,14834.162312
1523861239511,8078.99,15344.755093
1523861239687,8078.99,15344.755093
1523861240209,8078.72,15360.104661
1523861240889,8075.0,15399.672161
1523861240955,8079.53,16048.45842
1523861241602,8079.53,16309.427239
1523861242209,8075.0,16500.834729
1523861242736,8079.53,16565.470969
1523861243561,8078.84,17157.653669
1523861243956,8079.0,17561.595717
1523861244686,8079.0,17965.545717
1523861244710,8079.0,17965.545717
1523861245584,8075.55,18422.621847
1523861249698,8075.55,18422.621847
1523861251543,8075.15,20826.561197
1523861253498,8075.15,28901.711197
1523861254688,8075.15,28901.711197
1523861255529,8075.15,28914.631437
1523861256482,8075.15,29014.763297
1523861257640,8075.01,29095.513397
1523861258380,8075.01,29220.676052
1523861258456,8075.01,29253.783593
1523861259270,8075.01,29837.606816
1523861259485,8075.01,32268.992327
1523861259702,8075.01,32268.992327
1523861259723,8075.01,32542.735166
1523861259735,8075.01,34311.969857
1523861260800,8075.0,36516.446587
1523861261663,8075.0,37323.946587
1523861262310,8075.0,37727.696587
1523861262652,8075.0,38535.196587
1523861262760,8075.0,39342.696587
1523861263833,8075.0,62099.661598
1523861264731,8075.0,62099.661598
1523861266771,8075.01,63163.947256
1523861267477,8075.01,79345.439795
1523861268359,8075.15,87188.020855
1523861269684,8075.42,87848.590211
1523861269741,8075.42,87848.590211
1523861271380,8075.62,88292.738851
1523861271541,8075.01,88351.686463
1523861274532,8075.61,88432.442563
1523861274768,8075.61,88432.442563
1523861275382,8075.62,88513.198763
1523861276339,8075.62,88585.879343
1523861276586,8079.53,90457.019343
1523861279535,8075.01,92547.645432
1523861279749,8075.01,92547.645432
1523861280936,8075.01,94245.012534
1523861280943,8075.0,456.237651
1523861281182,8075.0,567.672651
1523861284637,8075.0,2406.350151
1523861284748,8075.0,2406.350151
1523861285691,8075.0,3569.958651
1523861288455,8075.01,5440.130967
1523861289761,8075.01,5440.130967
1523861290843,8075.01,5540.261091
1523861290889,8075.01,6035.259204
1523861291441,8075.5,9265.321416
1523861293534,8075.02,9337.996596
1523861294753,8075.02,9337.996596
1523861296189,8075.02,9636.772336
1523861297370,8075.5,9641.732336
1523861298391,8076.29,10120.64378322073
1523861299753,8076.29,10120.64378322073
1523861302164,8075.04,10282.14458322073
1523861303317,8075.03,10384.69746422073
1523861303757,8075.02,10401.65500622073
1523861304762,8075.02,10401.65500622073
1523861306502,8075.03,10441.22265322073
1523861306599,8075.03,12267.79443922073
1523861308367,8079.94,12725.84131406334
1523861309496,8079.27,13204.94202506334
1523861309772,8079.27,13204.94202506334
1523861311778,8079.04,13350.36474506334
1523861312457,8079.04,13423.07610506334
1523861312677,8079.22,13596.77933506334
1523861313403,8079.94,15924.25969506334
1523861314769,8079.94,15924.25969506334
1523861318143,8079.94,23575.95607506334
1523861318568,8079.94,23663.21942706334
1523861319765,8079.94,23663.21942706334
1523861322457,8079.94,23791.69032306334
1523861322634,8079.94,23799.77026306334
1523861323798,8079.94,23809.46619106334
1523861324774,8079.94,23809.46619106334
1523861327909,8079.9,24105.99852106334
1523861328247,8078.0,24219.09052106334
1523861329768,8078.0,24219.09052106334
1523861331541,8079.62,24234.44179906334
1523861334791,8079.62,24234.44179906334
1523861336460,8079.94,34381.026755063336
1523861336568,8079.94,34390.72268306334
1523861337297,8079.94,34476.37004706334
1523861339784,8079.94,34476.37004706334
1523861339864,8078.92,34485.25685906334
1523861340658,8078.1,35050.72385906334
1523861343845,8078.92,80.7892
1523861344610,8079.0,90.484
1523861344782,8079.0,90.484
1523861346719,8079.94,1573.83822
1523861349774,8079.94,1573.83822
1523861351542,8078.05,1968.050284
1523861351654,8078.05,3184.604614
1523861352794,8078.0,7153.100776
1523861354785,8078.0,7153.100776
1523861358949,8077.66,9174.131308
1523861359774,8077.66,9174.131308
1523861360552,8077.66,9237.944822
1523861361259,8077.66,9269.447696
1523861361556,8077.66,9350.224296
1523861362714,8078.0,18578.283976
1523861364610,8076.34,67117.103976
1523861364781,8076.34,67117.103976
1523861365672,8075.76,67217.2434
1523861368785,8075.76,68331.69828
1523861369523,8075.76,73056.825456
1523861369786,8075.76,73056.825456
1523861370948,8077.66,73137.602056
1523861371851,8075.76,73242.586936
1523861372354,8075.72,74236.708068
1523861372905,8075.68,74285.969716
1523861373397,8077.66,82361.657783
1523861374460,8075.3,82461.791503
1523861374797,8075.3,82461.791503
1523861374935,8077.65,82542.568003
1523861375502,8077.65,82868.905063
1523861376596,8077.66,83195.242527
1523861376880,8077.66,84543.401181
1523861377488,8077.66,84869.738645
1523861377493,8077.66,85036.138441
1523861378464,8077.66,85673.465815
1523861379451,8077.66,85697.698795
1523861379682,8077.66,86111.274887
1523861379736,8076.0,86154.077687
1523861379813,8076.0,86154.077687
1523861384798,8076.0,86154.077687
1523861385687,8077.66,86368.106213
1523861385857,8078.0,90580.656359
1523861388577,8077.98,90661.436159
1523861389469,8078.0,90818.149045
1523861389806,8078.0,90818.149045
1523861390709,8078.0,90888.427645
1523861391659,8078.0,91076.645045
1523861391960,8078.0,91419.152245
1523861392893,8078.0,92142.133245
1523861394356,8078.0,92608.233845
1523861394804,8078.0,92608.233845
1523861395754,8078.0,93012.133845
1523861395826,8078.0,93416.033845
1523861396469,8075.81,93504.060174
1523861396505,8075.8,93584.818174
1523861396943,8078.0,94400.693974
1523861397418,8075.86,94489.528434
1523861397583,8077.0,94570.298434
1523861398944,8077.0,96663.856834
1523861400203,8077.0,96663.856834
1523861400595,8077.0,97133.130534
1523861403360,8077.0,98181.525134
1523861403361,8075.71,15785.2557
1523861403447,8075.71,16189.0412
1523861404524,8075.66,16419.19775
1523861404802,8075.86,16568.59852
1523861404828,8075.86,16568.59852
1523861405469,8075.86,16617.861266
1523861405878,8075.86,16625.937126
1523861406572,8075.86,16755.150886
1523861407234,8075.86,16794.7226
1523861409823,8075.86,16794.7226
1523861410071,8077.99,16803.608389
1523861410491,8076.15,17853.507889
1523861411511,8077.94,18418.963689
1523861414812,8077.94,18418.963689
1523861418434,8078.0,19840.690613
1523861419832,8078.0,19840.690613
1523861421825,8078.0,25043.730413
1523861422206,8078.04,28577.859161
1523861424548,8079.89,29570.780262
1523861424819,8079.89,29570.780262
1523861426011,8079.89,29658.043074
1523861428372,8079.94,31624.63082
1523861428928,8079.94,31858.94908
1523861429822,8079.94,31858.94908
1523861430869,8079.0,32851.85818
1523861431849,8079.0,32868.82408
1523861432379,8079.0,34333.54678
1523861434474,8079.0,39039.56428
1523861434817,8079.0,39039.56428
1523861435492,8079.0,39443.51428
1523861435754,8079.0,39847.46428
1523861439446,8079.0,39947.64388
1523861439826,8079.0,39947.64388
1523861441191,8079.0,39959.76238
1523861442458,8079.0,42070.80508
1523861443314,8079.0,42570.89518
1523861444831,8079.0,42570.89518
1523861445841,8079.0,43378.79463
1523861446679,8079.0,43558.65463
1523861447547,8077.66,45367.249607
1523861448521,8079.0,45388.255007
1523861448551,8079.0,48388.255007
1523861448816,8077.66,49351.919845
1523861449752,8079.0,53543.305045
1523861449836,8079.0,53543.305045
1523861450770,8079.0,53565.926245
1523861451489,8079.89,55281.96627221042
1523861454846,8079.89,55281.96627221042
1523861455750,8079.94,56191.76406121042
1523861456564,8079.94,56318.61911921042
1523861458318,8079.99,60358.59968921042
1523861459850,8079.99,60358.59968921042
1523861461500,8079.99,3577.819572
1523861462595,8079.99,4371.27459
1523861462930,8079.99,4452.07449
1523861462948,8079.99,4552.266366
1523861464472,8079.99,5268.961479
1523861464538,8079.99,6076.960479
1523861465115,8079.99,6076.960479
1523861465372,8079.99,6379.152105
1523861465622,8079.99,7339.054917
1523861466595,8079.99,7490.15073
1523861467247,8079.99,7642.24073
1523861467360,8079.98,8182.791392
1523861468413,8079.99,9328.533974
1523861469842,8079.99,9328.533974
1523861470163,8079.99,9884.437286
1523861470486,8079.98,10716.675256
1523861471365,8079.99,11120.674756
1523861474849,8079.99,11120.674756
1523861475897,8077.66,12642.134543
1523861476775,8079.99,14513.460227
1523861477650,8079.99,23901.41442
1523861477685,8080.0,24305.41442
1523861477703,8080.0,25304.10242
1523861478741,8080.0,26081.39842
1523861479605,8080.0,27500.24642
1523861479634,8079.29,27519.636716
1523861479666,8079.29,30874.157924
1523861479776,8080.0,30954.957924
1523861479910,8080.0,30954.957924
1523861480444,8080.0,31358.957924
1523861480471,8080.0,41226.253924
1523861481438,8080.0,43977.493924
1523861481802,8080.0,46157.477924
1523861482715,8080.0,52147.989924
1523861483496,8080.0,52648.141924
1523861484459,8080.0,53052.141924
1523861484839,8080.0,54066.989924
1523861484978,8080.0,54066.989924
1523861486023,8080.0,54693.997924
1523861486060,8080.0,54870.141924
1523861486088,8080.0,55290.301924
1523861486554,8080.0,55871.218424
1523861486897,8080.0,56275.218424
1523861487577,8080.0,56922.426424
1523861487915,8080.0,57324.002424
1523861488442,8080.0,57832.234424
1523861489188,8080.0,57985.754424
1523861489992,8080.0,57985.754424
1523861490692,8080.0,58441.466424
1523861494851,8080.0,61151.29579
1523861494983,8080.0,61151.29579
1523861495703,8080.0,61555.29579
1523861496617,8080.0,68557.42379
1523861499406,8080.0,68961.42379
1523861499948,8080.0,69042.22379
1523861500027,8080.0,69042.22379
1523861500626,8080.0,69056.76779
1523861500772,8080.0,82986.68779
1523861502431,8080.0,83390.68779
1523861503529,8080.0,83471.48779
1523861503599,8080.0,85487.44779
1523861503956,8080.0,86295.44779
1523861504533,8080.0,87103.44779
1523861504989,8080.0,87103.44779
1523861505842,8080.0,87119.60779
1523861505888,8080.0,87523.60779
1523861506502,8079.99,87698.135574
1523861506693,8080.0,91109.511352
1523861508820,8080.0,92023.359352
1523861509464,8080.0,96102.143352
1523861510380,8080.0,96102.143352
1523861514993,8080.0,96102.143352
1523861516330,8080.0,99479.583352
1523861516532,8080.0,100596.239352
1523861516558,8080.0,101106.081735
1523861517495,8080.0,101126.281735
1523861518445,8080.0,101207.081735
1523861518761,8080.0,101287.881735
1523861519461,8080.0,101712.081735
1523861519614,8080.0,104240.313735
1523861520233,8080.0,104240.313735
1523861520928,8080.0,105048.313735
1523861521021,8080.0,105452.313735
1523861521023,8080.0,69518.704
1523861521041,8080.0,69534.864
1523861521311,8080.0,70394.576
1523861521542,8080.0,71730.2
1523861521892,8080.0,72295.8
1523861522450,8080.0,72617.384
1523861522503,8080.0,72637.584
1523861522513,8080.0,73226.616
1523861522857,8080.0,73443.968
1523861523376,8080.0,76289.744
1523861523703,8079.99,76377.007892
1523861524351,8080.0,76599.207892
1523861525248,8080.0,77714.247892
1523861525425,8080.0,77714.247892
1523861526359,8080.0,78142.487892
1523861526595,8080.0,78150.567892
1523861527249,8079.43,81880.122848
1523861527757,8080.0,149142.889972
1523861528361,8079.43,149228.53193
1523861528719,8080.0,149290.74793
1523861528729,8080.0,149336.80393
1523861529902,8080.0,149821.60393
1523861530003,8080.0,149821.60393
1523861535003,8080.0,149821.60393
1523861537546,8079.43,187724.818651
1523861537554,8080.0,188837.371666
1523861538725,8080.0,190268.339666
1523861539507,8080.0,295594.137018
1523861540001,8080.0,295594.137018
1523861540558,8080.0,296541.112402
1523861541500,8080.0,296858.656402
1523861541501,8080.0,296950.768402
1523861541831,8080.0,297252.960048
1523861542556,8080.0,297333.760048
1523861542786,8080.0,297614.944048
1523861543600,8080.0,297930.064048
1523861543693,8080.0,298078.736048
1523861544514,8080.0,298882.696048
1523861544850,8080.0,349080.504048
1523861545003,8080.0,349080.504048
1523861545542,8080.0,349937.792048
1523861545569,8080.0,353055.056048
1523861546391,8080.0,359982.848048
1523861546561,8080.0,377600.480048
1523861547439,8080.0,385880.056048
1523861547525,8080.0,389207.400048
1523861547849,8080.0,399590.200048
1523861548706,8080.0,409233.680048
1523861548734,8080.0,409637.680048
1523861549477,8080.0,410119.248048
1523861549822,8080.0,410179.040048
1523861550003,8080.0,410179.040048
1523861551173,8080.0,415666.976048
1523861551645,8080.0,423015.736048
1523861552344,8080.0,427323.992048
1523861555495,8080.0,427323.992048
1523861556419,8080.0,578626.840048
1523861557403,8080.0,601370.770048
1523861557947,8080.0,603078.04493489
1523861558419,8080.0,603356.80493489
1523861558549,8080.0,603498.20493489
1523861558900,8080.0,614810.20493489
1523861558936,8080.0,615388.73293489
1523861559563,8080.0,615465.49293489
1523861560006,8080.0,615465.49293489
1523861560118,8080.0,615869.49293489
1523861560610,8080.0,628246.43693489
1523861560807,8080.0,632242.80493489
1523861561301,8080.0,632791.43693489
1523861561469,8080.0,633496.01229089
1523861561847,8080.0,635626.70829089
1523861562543,8080.0,642090.70829089
1523861563334,8080.0,661691.17229089
1523861563456,8080.0,661716.22029089
1523861563852,8080.0,661794.59629089
1523861564360,8080.0,666667.64429089
1523861564538,8080.0,667434.43629089
1523861564906,8080.0,667515.23629089
1523861565014,8080.0,667515.23629089
1523861565826,8080.0,678699.57229089
1523861565893,8080.0,679017.92429089
1523861566552,8080.0,680839.96429089
1523861566735,8080.0,688651.70829089
1523861566773,8080.0,729071.90829089
1523861567770,8080.0,729413.69229089
1523861568471,8080.0,730430.96429089
1523861568517,8080.0,735327.95719889
1523861568763,8080.0,736943.95719889
1523861571669,8080.85,796525.6210506677
1523861572123,8080.85,796525.6210506677
1523861573558,8080.85,796533.7019006677
1523861573564,8080.85,797261.7864856678
1523861573937,8080.89,797277.9482656678
1523861574555,8080.89,797286.0291556678
1523861574585,8080.89,797294.1100456677
1523861574832,8080.89,797310.2718256677
1523861575469,8080.89,797310.2718256677
1523861576171,8080.89,797331.2821396678
1523861576526,8081.0,798026.2441356678
1523861577211,8081.0,798046.4466356677
1523861577262,8081.0,798066.6491356677
1523861577548,8081.0,798118.3675356677
1523861578342,8081.37,798145.0360566678
1523861578760,8081.37,798153.1174266677
1523861579439,8081.37,798512.7383916677
1523861579456,8081.37,798593.5520916678
1523861579519,8081.37,798619.4124756678
1523861579860,8081.37,798648.5054076677
1523861580541,8081.37,798648.5054076677
1523861580900,8081.37,25.052247
1523861581478,8081.37,50.104494
1523861581810,8081.37,120.412413
1523861582484,8081.37,141.423975
1523861583216,8081.0,261.830964
1523861583547,8080.86,1069.916964
1523861584308,8080.93,1106.281149
1523861584394,8080.93,1114.362079
1523861585032,8080.93,1114.362079
1523861588438,8081.62,2363.754482
1523861589425,8081.66,4664.5982
1523861590022,8081.66,4664.5982
1523861590587,8081.66,4952.305296
1523861590716,8081.66,4969.276782
1523861591398,8081.62,6305.97681
1523861591797,8081.66,6335.070786
1523861592496,8081.66,6354.46677
1523861592605,8081.66,6364.164762
1523861593465,8081.66,6400.532232
1523861594175,8081.66,6427.20171
1523861594314,8081.66,6508.01831
1523861594462,8081.66,9514.39583
1523861594866,8081.62,17757.64903
1523861595022,8081.62,17757.64903
1523861595609,8081.66,20739.78157
1523861595685,8081.66,20818.173672
1523861596385,8081.66,20979.803672
1523861596393,8082.12,23153.81170381786
1523861596405,8082.12,25327.901983817857
1523861596407,8082.12,25352.95655581786
1523861596959,8082.58,29262.425376
1523861597613,8082.58,29283.440084
1523861598137,8082.58,29466.084792
1523861598512,8082.58,29487.0995
1523861598838,8082.58,29657.641938
1523861599461,8082.58,29819.271938
1523861599493,8082.58,29861.301354
1523861599882,8082.58,30741.494316
1523861600036,8082.58,30741.494316
1523861600388,8082.58,31533.630356
1523861600494,8082.66,31767.21923
1523861600592,8082.66,32171.35223
1523861600801,8082.66,32243.287904
1523861601484,8082.66,32413.000564
1523861602646,8082.66,32437.248544
1523861602654,8082.66,32453.413864
1523861602692,8082.66,32512.417282
1523861603460,8082.66,32894.7007
1523861603691,8082.66,33346.521394
1523861605336,8082.66,33346.521394
1523861606575,8082.66,36587.645254
1523861608616,8082.66,40748.671022
1523861609170,8082.78,41452.67556
1523861609475,8082.78,41614.33116
1523861609804,8082.78,42107.36394
1523861610038,8082.78,42107.36394
1523861610875,8082.78,42511.50294
1523861611505,8082.78,46364.564166
1523861611520,8082.78,46842.278864
1523861611547,8083.21,47014.437037
1523861611577,8083.21,47176.087037
1523861613193,8083.5,48102.438052
1523861613582,8083.5,48530.055202
1523861614685,8083.5,48538.138702
1523861614731,8084.45,48702.788702
1523861614825,8084.45,48718.957602
1523861614867,8084.45,48727.042052
1523861615037,8084.45,48727.042052
1523861615441,8084.36,48888.692052
1523861616443,8084.49,49925.852519
1523861616454,8084.49,50085.116972
1523861616614,8084.49,50109.370442
1523861617132,8085.55,50117.45519838084
1523861617567,8085.55,51413.50786338084
1523861617851,8084.44,59742.09838638084
1523861618534,8085.55,59772.01492138084
1523861619535,8085.55,60199.74051638084
1523861620042,8085.55,60199.74051638084
1523861620141,8088.0,60523.170516380844
1523861620249,8088.0,60604.05051638084
1523861620518,8085.55,60664.69214138084
1523861620608,8084.7,62153.89388138084
1523861624390,8088.0,88344.25290799436
1523861625036,8088.0,88344.25290799436
1523861625649,8084.7,89131.00047799436
1523861626424,8084.63,93716.60509699436
1523861626675,8084.63,94026.24642599437
1523861626705,8084.63,94086.88115099436
1523861627417,8084.7,94268.78690099435
1523861627869,8084.63,94280.10538299436
1523861628349,8083.22,97584.52571899437
1523861628594,8083.22,98506.82112099435
1523861628856,8084.63,98642.63765099437
1523861629352,8084.98,99451.13022599436
1523861629360,8084.98,100085.68150399436
1523861629642,8084.98,100247.38110399435
1523861630039,8084.98,100247.38110399435
1523861630633,8088.0,100485.12662799437
1523861630864,8088.0,100970.40662799437
1523861632562,8087.7,101471.84402799436
1523861633233,8087.02,101566.46216199436
1523861633481,8087.02,102202.56875099437
1523861633509,8087.02,102364.30915099436
1523861634557,8084.64,102483.96651499436
1523861634630,8086.88,102534.10545099436
1523861634691,8086.88,102677.24322699437
1523861635043,8086.88,102677.24322699437
1523861635387,8084.63,102685.32785699436
1523861635499,8086.88,102797.73548899437
1523861635836,8086.84,103057.32322099437
1523861636453,8086.84,103461.66522099436
1523861637595,8084.79,103547.38540299436
1523861639442,8083.45,109433.64997299436
1523861640101,8083.45,109433.64997299436
1523861640924,8082.59,115391.29192699437
1523861640950,8082.58,612.659564
1523861640996,8082.58,2469.22819
1523861641595,8082.58,3737.366408
1523861641611,8082.58,4234.445078
1523861642185,8082.46,20443.080802
1523861642531,8082.46,20822.148176
1523861643651,8087.02,20903.011006
1523861644490,8086.91,22268.099124
1523861645124,8086.91,22268.099124
1523861645661,8082.46,24469.002082
1523861646551,8084.81,24812.606507
1523861647591,8081.95,26157.459052
1523861647806,8084.79,26165.543842
1523861647884,8087.02,26181.717882
1523861648509,8084.78,26189.802662
1523861648786,8080.01,27410.808703
1523861649868,8082.62,27752.703529
1523861650194,8082.62,27752.703529
1523861650695,8082.62,27776.951389
1523861651124,8084.56,27844.053237
1523861651585,8081.64,27856.175697
1523861652635,8087.02,29432.444943
1523861653364,8087.02,29499.567209
1523861654401,8086.94,29674.245113
1523861655119,8086.94,29674.245113
1523861657814,8080.01,32333.201323
1523861658487,8082.44,32894.122659
1523861659334,8085.61,32933.742148
1523861659499,8085.61,32941.827758
1523861659937,8085.61,32957.998978
1523861660109,8085.61,32957.998978
1523861660577,8085.6,33458.497618
1523861661532,8085.58,33539.353418
1523861662480,8085.61,33943.633918
1523861664317,8084.78,36888.110794
1523861665123,8084.78,36888.110794
1523861666551,8085.32,37457.317322
1523861666872,8087.02,38040.356414
1523861668702,8082.62,38048.439034
1523861670130,8082.62,38048.439034
1523861671376,8082.48,42889.844554
1523861671397,8082.48,43235.774698
1523861674672,8087.45,46265.916193
1523861674743,8085.0,48462.610693
1523861675122,8085.0,48462.610693
1523861675840,8085.0,48491.716693
1523861676644,8085.0,51495.294193
1523861678705,8082.67,51859.82261
1523861678767,8082.67,51867.90528
1523861679358,8082.44,51913.975188
1523861679361,8082.67,51922.057858
1523861679486,8082.67,52360.93458
1523861679882,8082.44,52706.863242
1523861680294,8082.44,52706.863242
1523861680518,8082.67,52787.689942
1523861681412,8082.44,52867.706098
1523861681908,8082.67,52891.954108
1523861682300,8085.01,53501.47658
1523861682703,8085.01,53521.689105
1523861685127,8085.01,53521.689105
1523861685635,8083.48,53537.856065
1523861685661,8083.48,53554.023025
1523861686531,8083.48,53796.527425
1523861687304,8083.48,53851.495089
1523861690146,8083.48,53851.495089
1523861691648,8083.95,53975.179524
1523861692170,8083.95,53991.347424
1523861693342,8083.91,54007.515244
1523861693501,8083.79,54370.477415
1523861695127,8083.79,54370.477415
1523861696424,8083.49,54784.364983
1523861696649,8083.0,55112.534783
1523861698512,8082.45,55193.359283
1523861698918,8082.45,55270.950803
1523861699515,8082.45,55348.542323
1523861700135,8082.45,55348.542323
1523861700644,8082.45,40.41225
1523861701300,8082.45,72.74205
1523861701667,8082.45,80.8245
1523861702608,8082.45,2030.8245
1523861702822,8082.45,2072.85324
1523861703462,8082.45,2080.93569
1523861704305,8082.45,2459.19435
1523861705134,8082.45,2459.19435
1523861705451,8082.45,4282.59507
1523861707696,8082.45,4332.70626
1523861707823,8082.45,4340.78871
1523861708850,8082.45,4348.87116
1523861709879,8082.45,4356.95361
1523861709889,8082.45,4365.03606
1523861710152,8082.45,4365.03606
1523861710448,8082.45,4373.11851
1523861710609,8082.45,4381.20096
1523861711543,8082.45,4412.722515
1523861712551,8082.45,4428.887415
1523861712841,8082.45,4445.052315
1523861713398,8083.0,9642.189854913053
1523861714610,8083.0,9650.272854913052
1523861714728,8083.0,9658.355854913052
1523861715195,8083.0,9658.355854913052
1523861715881,8083.0,9666.438854913053
1523861716435,8083.0,9674.521854913053
1523861717388,8082.45,9690.686754913053
1523861718363,8082.45,9698.769204913053
1523861718607,8082.45,13979.231094913051
1523861719422,8082.45,13987.313544913053
1523861719601,8082.45,14488.425444913053
1523861719867,8082.45,14897.397414913052
1523861720170,8082.45,14897.397414913052
1523861721288,8082.45,20123.346585913052
1523861725195,8082.45,20123.346585913052
1523861726580,8082.45,23423.455145913053
1523861727138,8081.0,38866.381627913055
1523861727731,8081.01,42922.718626913054
1523861728492,8081.01,45217.69546691305
1523861728670,8081.01,45225.77647691305
1523861729691,8082.45,56123.057201913056
1523861729739,8082.45,56535.262151913055
1523861730152,8082.45,56535.262151913055
1523861730795,8080.92,58028.44890991305
1523861731502,8080.02,58036.52892991305
1523861731519,8080.02,58480.12202791305
1523861732593,8080.02,58884.123027913054
1523861733237,8080.02,58892.203047913055
1523861733490,8080.0,60215.707322913055
1523861733732,8080.0,60231.86732291305
1523861734614,8080.0,60239.94732291305
1523861734954,8079.92,60248.02724291305
1523861735197,8079.92,60248.02724291305
1523861735544,8079.92,60256.10716291305
1523861735638,8080.0,64595.03548291305
1523861735787,8080.0,64603.115482913054
1523861736559,8077.66,64724.28038291305
1523861736839,8079.99,64732.360372913055
1523861737479,8079.99,64740.440362913054
1523861737747,8080.0,64756.60036291305
1523861738562,8080.0,64764.68036291305
1523861739598,8079.86,64772.76022291305
1523861739603,8079.99,64780.840212913055
1523861740162,8079.99,64780.840212913055
1523861740628,8080.0,64788.92021291305
1523861744381,8080.02,80670.16977291305
1523861745293,8080.02,80670.16977291305
1523861745615,8079.79,84134.06620191305
1523861746640,8080.0,84150.22620191306
1523861747294,8080.0,84231.02620191305
1523861747703,8080.0,84622.09820191305
1523861749355,8080.0,84757.84220191305
1523861750278,8080.0,84757.84220191305
1523861750924,8079.99,84838.64210191305
1523861751416,8079.99,85000.24190191305
1523861751957,8075.03,102090.56661991305
1523861753369,8079.98,102151.16646991305
1523861753376,8079.0,117113.47446991305
1523861754312,8078.86,117134.47950591306
1523861754742,8080.0,121578.36846991305
1523861755272,8080.0,121578.36846991305
1523861755630,8080.0,121645.43246991305
1523861756506,8079.99,121719.76837791305
1523861757405,8079.99,121882.17617691305
1523861757921,8079.99,122151.23984391305
1523861758874,8080.0,125886.62354991306
1523861759425,8080.0,126291.43154991305
1523861760292,8080.0,126291.43154991305
1523861760895,8080.0,126779.46354991305
1523861760912,8079.99,375.719545
1523861763201,8080.0,576.103545
1523861764666,8080.0,654.479545
1523861765346,8080.0,654.479545
1523861765477,8080.0,663.367545
1523861765588,8079.99,702.151497
1523861766215,8079.99,4490.05086
1523861766294,8079.9,4570.84986
1523861766676,8080.0,19551.13221
1523861768900,8080.0,19559.21221
1523861769499,8080.0,19570.52421
1523861769846,8080.0,19578.60421
1523861770302,8080.0,19578.60421
1523861770579,8080.12,22781.51633
1523861771779,8080.12,22913.222286
1523861772480,8080.0,26326.217786
1523861773812,8080.0,26428.025786
1523861775296,8080.0,26428.025786
1523861775690,8080.0,26693.857786
1523861777367,8080.0,27097.857786
1523861777440,8080.0,27231.985786
1523861778594,8080.0,27636.793786
1523861780293,8080.0,27636.793786
1523861782797,8080.0,30400.961786
1523861783696,8080.0,30700.729786
1523861784372,8080.0,31001.305786
1523861785303,8080.0,31001.305786
1523861785411,8083.96,32234.709402
1523861788375,8081.98,80726.589402
1523861790297,8081.98,80726.589402
1523861790762,8083.96,80760.541884
1523861790906,8080.53,80821.953912
1523861793789,8083.96,81217.241772
1523861795305,8083.96,81217.241772
1523861799707,8088.0,81230.991372
1523861800238,8088.0,81566.643372
1523861800302,8088.0,81566.643372
1523861801701,8088.0,81971.043372
1523861802471,8088.0,82375.443372
1523861804534,8088.0,82376.443372
1523861805619,8088.0,82376.443372
1523861805809,8088.0,90206.436172
1523861807375,8088.0,90316.432972
1523861807586,8088.0,90425.620972
1523861808270,8088.0,90479.810572
1523861808471,8088.0,90560.690572
1523861809585,8088.0,92582.690572
1523861810533,8088.0,92582.690572
1523861810674,8088.0,92835.844972
1523861811366,8088.0,129892.097772
1523861811784,8088.0,130725.161232
1523861812263,8088.0,130809.851232
1523861812591,8088.0,131147.929632
1523861815317,8088.0,131147.929632
1523861816941,8087.99,132967.727632
1523861818417,8088.0,133064.783632
1523861818463,8083.52,139937.46461
1523861818819,8088.0,140306.27741
1523861820320,8088.0,140306.27741
1523861820544,8087.95,76.835525
1523861822575,8087.05,157.706025
1523861822866,8087.05,238.576525
1523861823918,8086.52,239.576525
1523861824535,8086.05,1239.576525
1523861825359,8086.05,1239.576525
1523861825533,8083.0,3548.76544
1523861825818,8083.0,6339.01704
1523861826457,8086.04,9048.618844
1523861827495,8082.0,24024.564844
1523861828508,8082.01,26163.06269
1523861828547,8082.01,26209.938348
1523861828568,8081.92,26614.034348
1523861828872,8081.92,27402.021548
1523861829468,8081.92,27456.978604
1523861829849,8086.05,42597.595401
1523861830375,8086.05,42597.595401
1523861831182,8081.99,42852.986484
1523861835412,8081.99,42852.986484
1523861836624,8081.95,89631.530009
1523861837486,8081.95,89726.088824
1523861838002,8081.83,90194.026781
1523861838766,8081.95,90343.542856
1523861840507,8081.95,90343.542856
1523861843380,8081.83,90847.040865
1523861844945,8081.84,91046.662313
1523861845496,8081.84,91046.662313
1523861845585,8081.83,91167.08158
1523861846556,8081.83,91416.810127
1523861849742,8081.83,91820.901627
1523861850506,8081.83,91820.901627
1523861854553,8083.45,92403.60319
1523861855509,8083.45,92403.60319
1523861856500,8081.0,113277.121688
1523861859412,8082.01,113278.121688
1523861860503,8082.01,113278.121688
1523861861496,8082.01,113452.693104
1523861861805,8082.01,113627.26452
1523861862468,8082.01,113714.550228
1523861863729,8082.01,113801.835936
1523861864553,8081.0,121882.835936
1523861865398,8081.01,126956.902115
1523861865514,8081.01,126956.902115
1523861867669,8081.0,127637.322315
1523861870505,8081.0,127637.322315
1523861872893,8081.0,127656.716715
1523861874710,8082.06,127716.523959
1523861874745,8082.06,127775.522997
1523861875555,8082.06,127775.522997
1523861876555,8081.01,128379.982545
1523861876889,8081.01,128439.782019
1523861877379,8081.01,128800.195065
1523861878476,8081.0,128881.005065
1523861880520,8081.0,128881.005065
1523861882387,8081.0,808.1
1523861883374,8081.01,842.040242
1523861883912,8081.0,2742.691442
1523861885664,8081.0,2742.691442
1523861885940,8080.1,5633.751222
1523861890622,8080.1,5633.751222
1523861890655,8079.92,13443.732267
1523861893503,8077.62,61909.452267
1523861893752,8078.69,63181.845942
1523861895622,8078.69,63181.845942
1523861896768,8079.97,64681.485724
1523861900630,8079.97,64681.485724
1523861901869,8075.63,72757.115724
1523861901939,8076.99,72857.2704
1523861903432,8076.99,72872.616681
1523861904375,8079.97,76144.961729
1523861905616,8079.97,76144.961729
1523861909395,8079.97,81215.909346
1523861910627,8079.97,81215.909346
1523861911383,8078.0,83691.008546
1523861911792,8079.96,83708.784458
1523861912899,8079.97,83782.312107
1523861914596,8076.99,84975.467992
1523861914939,8076.99,85045.737805
1523861915619,8076.99,85045.737805
1523861915796,8076.98,85103.084363
1523861917718,8075.64,85345.353563
1523861918557,8075.63,85829.891429
1523861918610,8075.63,86072.160329
1523861919198,8075.63,86314.429229
1523861919527,8076.98,86414.582631
1523861920634,8076.98,86414.582631
1523861921594,8076.98,87175.398507
1523861925630,8076.98,87175.398507
1523861925913,8075.65,87275.536567
1523861927887,8075.65,87582.411267
1523861928576,8075.64,87889.285711
1523861928949,8075.64,88503.034351
1523861929642,8075.65,89369.551596
1523861930636,8075.65,89369.551596
1523861931477,8075.65,102627.346201
1523861931893,8075.6,104126.985121
1523861932523,8075.6,117516.329921
1523861933844,8075.29,125591.619921
1523861934597,8075.6,126496.087121
1523861935250,8075.29,126531.618397
1523861935630,8075.29,126531.618397
1523861935692,8075.6,140825.430397
1523861935736,8075.29,141229.194897
1523861936501,8075.6,142728.833817
1523861936862,8075.29,143132.598317
1523861937384,8075.29,143588.852202
1523861937536,8075.6,157882.664202
1523861937566,8075.29,159269.191495
1523861938422,8075.29,159672.955995
1523861938627,8075.3,160537.013095
1523861939606,8075.6,174830.825095
1523861940673,8075.6,174830.825095
1523861944447,8075.6,6744.616882
1523861945633,8075.6,6744.616882
1523861945704,8075.1,6816.485272
1523861946519,8075.1,6888.353662
1523861947430,8075.1,7029.667912
1523861949714,8075.03,7753.1906
1523861950563,8075.29,8211.864892
1523861950714,8075.29,8211.864892
1523861951579,8075.03,8615.616392
1523861952181,8075.29,8639.842262
1523861952559,8075.29,8664.068132
1523861952950,8075.28,8688.293972
1523861955746,8075.28,8688.293972
1523861956437,8075.28,8712.519812
1523861956920,8075.27,8793.272512
1523861957506,8075.28,8817.498352
1523861957950,8075.28,8841.724192
1523861959575,8075.03,9320.573471
1523861959846,8075.03,9328.648501
1523861960900,8075.03,9328.648501
1523861964531,8075.27,40244.952171
1523861965664,8077.28,40317.691371
1523861965758,8077.28,40317.691371
1523861966741,8076.97,40397.655482
1523861966759,8081.57,41121.764154
1523861967866,8081.57,41331.833574
1523861967881,8081.57,41380.322994
1523861968371,8081.62,45160.90483
1523861969351,8083.06,93659.26483
1523861970751,8083.06,93659.26483
1523861970917,8083.84,93820.78483
1523861971519,8083.83,94054.407517
1523861972574,8083.83,94170.814669
1523861973559,8083.84,94684.392109
1523861975741,8083.84,94684.392109
1523861977530,8087.87,95477.003369
1523861980752,8087.87,95477.003369
1523861980847,8088.0,99956.083937
1523861985747,8088.0,99956.083937
1523861989441,8085.69,101122.022879
1523861990761,8085.69,101122.022879
1523861994783,8085.64,101487.493807
1523861995756,8085.64,101487.493807
1523862000689,8084.05,436.5387
1523862000824,8084.05,436.5387
1523862001371,8088.0,7581.664715
1523862002660,8088.0,8523.873915
1523862003352,8086.0,9320.344915
1523862004790,8086.0,9462.658515
1523862005759,8086.0,9462.658515
1523862006524,8086.0,9491.768115
1523862006565,8086.0,9520.877715
1523862007188,8086.0,9549.987315
1523862009497,8084.0,32188.50755
1523862010766,8084.0,32188.50755
1523862012476,8084.0,35186.86315
1523862014540,8085.0,83696.86315
1523862015773,8085.0,83696.86315
1523862018473,8085.0,83784.98095
1523862019503,8085.0,83822.17195
1523862020833,8085.0,83822.17195
1523862023459,8085.0,90381.53245
1523862025835,8085.0,90381.53245
1523862027930,8085.0,90491.48845
1523862029922,8085.0,90501.99895
1523862030939,8085.0,90501.99895
1523862034456,8085.0,93226.796486
1523862036003,8085.0,93226.796486
1523862036414,8085.0,93497.643986
1523862037386,8083.58,109667.00919052977
1523862040922,8083.58,109667.00919052977
1523862044505,8086.0,110303.37739052977
1523862045745,8076.0,142731.06285673584
1523862045923,8076.0,142731.06285673584
1523862050926,8083.41,142892.73105673585
1523862050928,8083.41,142892.73105673585
1523862051640,8084.0,194392.79805673586
1523862052615,8084.0,194742.02685673584
1523862053452,8085.7,196545.13795673585
1523862054929,8085.75,200353.52620673584
1523862055924,8085.75,200353.52620673584
1523862056534,8085.35,200381.82493173584
1523862057312,8084.0,200403.65173173585
1523862057487,8085.35,200431.95045673585
1523862059583,8084.0,201698.71325673585
1523862059624,8084.0,201947.70045673585
1523862060428,8084.0,202196.68765673586
1523862060779,8084.0,9254.5632
1523862060972,8084.0,9254.5632
1523862064809,8083.41,9594.06648
1523862066014,8083.41,9594.06648
1523862067508,8083.41,10054.82085
1523862068378,8083.26,10216.48605
1523862068869,8083.21,10550.322623
1523862069733,8083.36,12997.961831
1523862070178,8083.16,13078.793431
1523862071044,8083.16,13078.793431
1523862072499,8075.03,71755.21402656991
1523862073202,8084.0,73175.7112780899
1523862073494,8085.35,73337.41827808991
1523862075785,8083.86,73686.6410300899
1523862076052,8083.86,73686.6410300899
1523862076757,8083.32,74186.1902060899
1523862077357,8080.1,82266.2902060899
1523862077365,8080.1,82276.2902060899
1523862078335,8080.1,132680.6661960899
1523862078493,8080.1,133628.46192608992
1523862079326,8080.1,133790.0639260899
1523862079585,8080.1,133890.2571660899
1523862081210,8080.1,133890.2571660899
1523862084558,8080.1,134051.8591660899
1523862085616,8080.1,135551.5257260899
1523862086043,8080.1,135551.5257260899
1523862086771,8080.1,142052.4703060899
1523862087435,8080.1,143619.5055760899
1523862087662,8078.87,147166.1295060899
1523862090829,8085.36,147327.70950608992
1523862091097,8085.36,147327.70950608992
1523862092486,8080.91,147406.09433308992
1523862095508,8084.54,148406.1519310899
1523862096053,8084.54,148406.1519310899
1523862101070,8084.54,148406.1519310899
1523862101263,8080.05,154399.96507908992
1523862101899,8082.13,202892.74507908992
1523862102712,8080.91,203005.87781908992
1523862102761,8080.25,203086.6842790899
1523862106065,8080.25,203086.6842790899
1523862106599,8083.41,203109.3178270899
1523862107477,8083.41,203131.1430340899
1523862108290,8083.41,203248.3524790899
1523862108948,8080.1,205265.9534490899
1523862110938,8080.91,205427.57164908992
1523862111060,8080.91,205427.57164908992
1523862113537,8080.0,205921.2598490899
1523862114569,8081.71,206082.89204908992
1523862115567,8081.71,207038.9583420899
1523862115674,8083.0,208833.3843420899
1523862116091,8083.0,208833.3843420899
1523862120816,8083.0,210913.9523040899
1523862121050,8083.4,21.82518
1523862121208,8083.4,21.82518
1523862121666,8083.4,43.65036
1523862122460,8083.4,124.48436
1523862125548,8083.0,205.3162
1523862126214,8083.0,205.3162
1523862126507,8084.38,609.5352
1523862127539,8084.38,819.72908
1523862131211,8084.38,819.72908
1523862132617,8083.0,1251.36128
1523862136328,8083.0,1251.36128
1523862141347,8083.0,1251.36128
1523862141752,8083.38,2033.832464
1523862143504,8083.38,2711.219708
1523862143670,8084.38,6677.82658394
1523862144335,8083.38,6786.95221394
1523862145626,8084.38,7191.13434894
1523862146342,8084.38,7191.13434894
1523862148592,8084.38,8821.48924894
1523862149523,8083.0,10371.00034894
1523862151330,8083.0,10371.00034894
1523862151685,8084.38,10451.84414894
1523862156332,8084.38,10451.84414894
1523862156419,8084.38,10532.68794894
1523862156619,8083.38,10663.63870494
1523862157663,8083.0,11799.30020494
1523862159699,8084.31,12771.81592294
1523862160661,8083.0,12861.55032294
1523862160803,8083.0,12870.44162294
1523862161341,8083.0,12870.44162294
1523862165054,8083.0,13113.73992294
1523862165741,8084.31,13276.23455394
1523862166341,8084.31,13276.23455394
1523862171466,8084.31,13276.23455394
1523862171611,8083.0,13421.72855394
1523862175615,8083.0,17982.15715394
1523862176458,8083.0,17982.15715394
1523862177359,8083.0,18290.92775394
1523862181458,8083.0,18290.92775394
1523862184541,8082.0,1684.2888
1523862186457,8082.0,1684.2888
1523862187828,8082.97,4670.137918
1523862188526,8082.0,12671.317918
1523862190452,8082.0,13075.417918
1523862191461,8082.0,13075.417918
1523862191465,8082.0,13845.632518
1523862191915,8082.0,14007.272518
1523862192936,8082.71,14305.524517
1523862195843,8083.0,14386.354517
1523862196446,8082.0,21609.237917
1523862196505,8082.0,21609.237917
1523862196596,8081.84,21690.056317
1523862197458,8082.0,26801.113117
1523862197674,8083.0,26962.763117
1523862198389,8082.32,29387.459117
1523862198521,8083.0,29468.289117
1523862201472,8083.0,29468.289117
1523862202725,8081.84,29549.107517
1523862202791,8083.0,29718.042217
1523862205904,8083.0,30688.002217
1523862206481,8083.0,30688.002217
1523862208829,8083.0,30849.642217
1523862211473,8083.0,30849.642217
1523862211738,8083.0,31011.282217
1523862212157,8080.0,77520.026727
1523862213282,8082.95,78926.460027
1523862215586,8082.9,79136.608027
1523862216465,8082.9,79136.608027
1523862216709,8080.05,79384.665862
1523862220642,8082.95,84765.421142
1523862221472,8082.95,84765.421142
1523862221556,8082.95,84927.051142
1523862224755,8083.0,85088.681142
1523862226414,8083.0,85250.311142
1523862226523,8083.0,85250.311142
1523862227673,8083.0,89784.874142
1523862228427,8083.0,89946.534142
1523862228513,8083.0,90049.996542
1523862228876,8083.0,90822.726824
1523862228927,8080.0,91065.126824
1523862229513,8083.0,91116.858024
1523862229532,8083.0,91275.284824
1523862230494,8082.9,91433.709664
1523862231774,8082.9,91433.709664
1523862232684,8082.85,91514.538164
1523862236477,8082.85,91514.538164
1523862237470,8082.7,99695.923129
1523862237525,8082.9,99776.752129
1523862238569,8082.9,99844.648489
1523862240619,8084.0,608.7616
1523862240907,8084.31,689.6047
1523862241477,8084.31,689.6047
1523862242414,8084.38,4966.236687
1523862243779,8084.38,5047.080487
1523862244673,8084.38,5259.699681
1523862246471,8084.38,5259.699681
1523862246538,8084.38,7927.545081
1523862246828,8084.38,8008.388881
1523862247397,8084.32,8052.852641
1523862248855,8084.0,8187.855441
1523862251472,8084.0,8187.855441
1523862251523,8084.0,8268.695441
1523862254795,8083.67,15637.818513
1523862255826,8084.0,27235.854641
1523862255861,8084.38,54940.408731
1523862256483,8084.38,54940.408731
1523862256911,8083.68,55209.595275
1523862259427,8083.66,55275.072921
1523862260754,8084.38,57530.614941
1523862261480,8084.38,57530.614941
1523862261558,8083.66,57554.865921
1523862261825,8083.66,57578.308535
1523862262216,8083.66,57663.995331
1523862262492,8083.66,57780.400035
1523862262681,8083.66,57824.860165
1523862263439,8083.66,57868.511929
1523862263935,8083.66,57942.073235
1523862265581,8083.32,58022.906435
1523862266219,8083.32,59979.878207
1523862266482,8083.32,59979.878207
1523862271653,8083.32,59979.878207
1523862271663,8083.32,72323.107847
1523862272381,8084.38,73815.462559
1523862273818,8080.1,76131.239143
1523862276480,8080.1,76131.239143
1523862278363,8082.69,76260.562183
1523862281488,8082.69,76260.562183
