1523173731.1877456,6942.9,31987.29501952
1523173770.021832,6942.9,31979.17587108
1523173794.0100713,6942.9,31974.09074965
1523173802.4486709,6942.9,31974.18862459
1523173834.0167868,6942.9,31996.09622396
1523173842.0467856,6942.9,31995.12720011
1523173866.5325687,6942.9,31994.82243463
1523173882.4550498,6942.9,31991.24071462
1523173898.656963,6942.9,31993.77037832
1523173906.7248054,6942,31993.69787108
1523173914.3789034,6942.1,31994.61078583
1523173922.314385,6940.5,31993.61078583
1523173930.226953,6940.7,31990.4863828
1523173938.2194185,6940.4,31988.26141952
1523173954.193586,6940.3,31988.94081122
1523173986.6915438,6940.3,31989.21406755
1523174018.2241664,6940.3,31989.40706737
1523174026.8510396,6935.5,31989.65884918
1523174034.0240004,6935.5,31996.30799118
1523174042.8469665,6935.5,31996.73287495
1523174066.7809815,6935.5,31996.70300752
1523174114.020369,6933.6,31988.62705868
1523174122.6107566,6935.5,31988.43426791
1523174170.157043,6935.5,31981.67694243
1523174178.1149962,6935.5,31981.74031243
1523174186.1256578,6935.5,31980.8415917
1523174194.5229633,6935.5,31980.8415917
1523174202.1819272,6935.5,31981.3504682
1523174211.0061011,6935.9,31981.3504682
1523174218.6138608,6935.9,31981.5809682
1523174242.2912738,6935.9,31983.94034782
1523174266.3017,6935.9,31984.00321461
1523174298.519736,6935.9,31991.97566534
1523174306.1755626,6941.9,31998.14743139
1523174314.5140939,6941.9,31998.63179693
1523174322.0468366,6943.9,31999.51674845
1523174338.852127,6943.9,31999.1890187
1523174346.7018628,6943.9,32000.02797204
1523174370.868212,6941,32005.16834581
1523174386.1289768,6939,32004.04755028
1523174393.9779327,6937,32004.08065028
1523174402.8015,6937.2,32004.08065028
1523174409.9691563,6937,32004.10399224
1523174418.4830174,6937,32006.37916171
1523174426.2730408,6938,32005.61531277
1523174434.09523,6938,32005.61531277
1523174442.4779189,6938.1,32005.81671277
1523174450.8502624,6937,32005.81671277
1523174458.085263,6937,32005.81671277
1523174466.207477,6938,32005.81671277
1523174474.6289787,6937,32005.53006847
1523174482.2088919,6937,32005.53006847
1523174490.6362686,6937,32005.52584053
1523174499.6516259,6937,32005.00535053
1523174506.5530927,6937,32004.98235053
1523174514.8017466,6937,32005.10016637
1523174530.0305555,6937,32000.8745247
1523174562.157877,6937,31990.00457883
1523174578.745692,6937,31990.20018418
1523174602.1473367,6937,31988.7151281
1523174610.683245,6933,31994.7601281
1523174618.1587453,6931,31994.7601281
1523174626.3695273,6931.1,31992.46359183
1523174634.2202392,6931.9,31992.36359183
1523174642.15957,6932.3,31992.30639165
1523174650.3461711,6932.2,31989.80198504
1523174658.568682,6930.1,31989.83881504
1523174666.2477324,6930.1,31992.61822949
1523174674.5320385,6935.2,32002.67110161
1523174698.2007844,6933.1,32008.7732427
1523174706.6381648,6935.2,32008.6232427
1523174714.45123,6935.2,32008.4969889
1523174730.4877968,6935.2,31959.4031899
1523174738.2479517,6935.2,31957.55441425
1523174746.1938334,6935.3,31949.36798684
1523174762.7287378,6938.8,31844.59945609
1523174770.3581128,6938.8,31843.74056491
1523174778.5039973,6938.8,31843.21465938
1523174786.7982466,6939.9,31842.06445099
1523174795.0098937,6940.2,31841.89005972
1523174802.23411,6940.6,31836.07981011
1523174810.5793922,6941.1,31836.08339346
1523174834.5204053,6941.1,31830.08839346
1523174842.7158175,6943.3,31839.59865423
1523174850.5610206,6942,31838.99421975
1523174858.678847,6942.4,31837.7658517
1523174866.2196958,6942.7,31807.6658517
1523174874.2073593,6942.7,31797.8401762
1523174890.204965,6943.8,31797.11860487
1523174898.9970546,6943.9,31792.31499287
1523174906.403643,6943.2,31785.24474781
1523174914.9963174,6943.1,31785.24474781
1523174922.0892777,6943,31784.20179932
1523174930.8266435,6943,31773.28690236
1523174946.0729225,6942.7,31765.65778338
1523174954.455245,6942.7,31757.7081195
1523174978.6901894,6942.9,31739.57437757
1523174994.152602,6943.5,31737.46023409
1523175002.8222733,6945.7,31737.53225166
1523175010.0079827,6945.7,31737.2457956
1523175018.7331817,6945.7,31737.4013654
1523175034.1372306,6945.7,31737.3147624
1523175067.3527408,6945.7,31734.24339407
1523175074.1080897,6948.8,31729.1227534
1523175083.3506715,6948.8,31719.3400774
1523175090.2010372,6950,31714.34754286
1523175099.8910592,6951.8,31714.07901247
1523175114.2350523,6953.5,31715.10194612
1523175138.5747232,6953.5,31714.40351437
1523175146.079975,6953.5,31714.42251437
1523175170.158833,6953.5,31711.09329136
1523175178.494615,6953.6,31711.1895602
1523175186.1923053,6953.5,31708.34000405
1523175194.1307724,6953.5,31709.23613026
1523175202.7666774,6953.5,31709.18533026
1523175258.5615728,6953.5,31711.98131281
1523175282.090618,6953.5,31709.13003045
1523175290.0871098,6953.5,31700.36555758
1523175306.04671,6953.5,31698.52942582
1523175330.840763,6953.5,31667.28881274
1523175346.4350626,6953.5,31667.54776548
1523175354.517801,6955.9,31667.54186548
1523175362.697264,6955.9,31635.78111873
1523175394.1332314,6955.9,31620.01386351
1523175425.9761953,6955.9,31616.91604125
1523175435.1355693,6955.9,31617.61562109
1523175458.2523189,6949,31606.11123437
1523175466.0125253,6948.1,31603.61015522
1523175474.832555,6948.1,31603.09546919
1523175506.5678864,6948.4,31598.16729768
1523175513.9631536,6949.3,31592.25902825
1523175522.505596,6948.1,31496.96831839
1523175530.1831915,6949,31491.46885516
1523175538.91033,6948.1,31486.6876077
1523175546.8257465,6948.1,31472.17250237
1523175554.0129626,6948.1,31416.34490709
1523175562.1025596,6948.1,31406.84051487
1523175578.321668,6948.3,31380.78228447
1523175586.9817867,6948.1,31357.60736987
1523175594.3639233,6948.1,31356.04105622
1523175602.6208448,6948.8,31353.10698282
1523175610.023025,6948.1,31351.85611611
1523175642.7456496,6948.1,31280.38161196
1523175650.5254793,6948.1,30882.22966031
1523175698.961384,6948.1,30772.26750899
1523175714.751311,6948.9,30759.56364059
1523175786.0172853,6948.9,30728.603306
1523175818.1917984,6948.9,30704.24723028
1523175834.9919858,6948.9,30697.27977632
1523175866.0540488,6948.9,30638.53900657
1523175874.2282574,6948.9,30635.60171057
1523175977.9641016,6948,30565.10404763
1523175986.1607704,6942.6,30534.21391298
1523175994.3425536,6942.6,30533.7311566
1523176002.6136894,6942.6,30535.09753871
1523176018.1191292,6942.6,30533.1977833
1523176074.1026144,6942.6,30528.43253144
1523176089.9705899,6942.6,30527.97884376
1523176130.5250134,6942.6,30517.64155941
1523176145.9406166,6945.1,30508.73975415
1523176154.7516425,6945.2,30507.90102976
1523176162.4310997,6945.2,30497.92102976
1523176170.0188875,6948.6,30494.47775607
1523176186.0743423,6948.6,30487.87992887
1523176226.422063,6948.8,30417.1980522
1523176241.95441,6948.9,30415.11421234
1523176250.0283005,6948.9,30412.09456157
1523176330.5437512,6950.3,30336.6613837
1523176338.9046664,6950.3,30327.48147192
1523176386.0203152,6950.3,30288.05528949
1523176394.0691795,6950.3,30285.35631208
1523176546.1816304,6950.3,30226.91357988
1523176554.3495977,6950.2,30236.24160914
1523176562.1583657,6950.2,30236.32160914
1523176674.5385754,6947.4,30108.04817173
1523176707.2637951,6945.6,30096.04413207
1523176713.9414318,6944.6,30044.66599563
1523176722.7972126,6944.6,30052.75564025
1523176762.0548117,6944.3,30049.28698282
1523176770.1380503,6944.4,30046.83125292
1523176778.1077304,6945.3,30047.61429601
1523176786.6378467,6945.7,30044.28829601
1523176794.7128532,6944.1,30044.05179601
1523176803.016293,6944.3,30042.08753482
1523176810.4133437,6944,30027.04783094
1523176818.525634,6944,30022.75076779
1523176826.181298,6942.7,30023.00526485
1523176834.5190566,6942.7,30019.67823785
1523176841.9743214,6942.5,30019.65026646
1523176850.5934386,6942.5,30019.75026646
1523176857.9992216,6942.1,30003.50246444
1523176866.7239313,6942.1,30001.20315842
1523176874.545439,6942.1,30000.84753896
1523176882.0986814,6942.5,29999.47891036
1523176899.442453,6934.8,30033.09293317
1523176906.1705744,6934.8,30033.13123317
1523176915.103875,6934.8,30034.63483408
1523176922.5418656,6939.1,30034.82483408
1523176938.009498,6939.1,30046.89225783
1523176946.808349,6935.6,30046.77169127
1523176954.2554653,6937.2,30046.03390669
1523176961.973225,6937,30045.60896583
1523176970.2265594,6938.8,30044.54600774
1523176978.73338,6938.8,30043.14048206
1523176994.08725,6939.1,30041.04124786
1523177002.7587655,6941,30041.60184325
1523177010.6850808,6940,30042.04453268
1523177018.150855,6941.1,30032.89426355
1523177026.723637,6940.2,30033.23290933
1523177033.9700468,6939.1,30013.80878219
1523177042.6709971,6939,30013.3798459
1523177050.1495957,6939,30011.97123364
1523177058.863381,6942.8,30010.00356322
1523177081.9107633,6942.9,29971.94619092
1523177091.0041523,6942.9,29971.43714073
1523177098.0436108,6945.1,29974.86986885
1523177106.257675,6945.1,29957.03288537
1523177114.0049953,6945.1,29955.33340467
1523177122.254295,6945.1,29955.10537378
1523177130.0020773,6945.1,29954.63762807
1523177138.6367326,6946.4,29953.35748388
1523177146.9416556,6942.7,29950.37265361
1523177154.030596,6943.1,29949.48414761
1523177162.1067448,6943.8,29949.46973406
1523177170.2869818,6946.6,29947.67692619
1523177177.9809105,6946.9,29948.07333011
1523177186.548827,6946.9,29947.97333011
1523177202.4709575,6946.9,29949.05091892
1523177210.0733445,6947,29947.19930226
1523177218.4197013,6948,29949.57744145
1523177225.9659767,6949,29951.02941445
1523177234.6794183,6949,29948.11046453
1523177242.3317122,6949.8,29959.15299763
1523177250.0395925,6952.6,29959.23299763
1523177266.182572,6952.6,29958.31962832
1523177274.0862374,6952.6,29958.52962832
1523177283.0171158,6952.6,29959.37962832
1523177314.6636045,6952.6,29934.05809082
1523177330.6930702,6952.6,29921.18615275
1523177338.1382666,6952.6,29921.02507105
1523177378.062067,6949.8,29927.50592582
1523177394.0402324,6949.5,29925.60148794
1523177410.8425562,6949.5,29924.70278466
1523177466.8327591,6949,29913.19370887
1523177506.6281683,6949,29912.92707373
1523177514.7654743,6952.1,29919.45690656
1523177522.5064278,6952.8,29919.46051135
1523177530.5603628,6952.8,29919.56117573
1523177546.8079412,6952.8,29918.95452758
1523177554.1327107,6953.2,29919.31722152
1523177562.0567086,6954.9,29918.89331329
1523177570.6431532,6954.9,29919.05471938
1523177586.0108504,6954.9,29938.13047475
1523177594.798954,6953.9,29937.88047475
1523177602.1201406,6954.9,29937.87523475
1523177610.7253492,6954,29951.69134452
1523177618.0284119,6957.1,29951.69134452
1523177627.0170186,6957.1,29975.29240825
1523177633.9877663,6965,29976.68473642
1523177643.041941,6965,29982.84421556
1523177650.4331067,6965.5,29984.26671187
1523177658.6246598,6969.8,29980.52090801
1523177666.1189358,6972.8,29990.49756677
1523177674.128211,6973.9,29993.85489431
1523177682.0337262,6973.7,29999.39986512
1523177691.065524,6969.5,29974.4414073
1523177698.384695,6969.5,29965.38285281
1523177713.9833727,6973.7,29965.14045081
1523177722.121441,6973.7,29952.60552471
1523177730.4118273,6973.7,29952.41144625
1523177738.370935,6973.7,29958.43059462
1523177754.8525503,6973.7,29958.12611213
1523177786.083421,6973.7,29957.18296337
1523177810.7483363,6973.7,29957.06424563
1523177818.842269,6973.7,29960.58332095
1523177858.0010476,6973,29952.60132275
1523177874.0993314,6965.9,29953.16118946
1523177882.2981005,6966.9,29955.63667306
1523177890.1820726,6964.8,29955.26986499
1523177898.4917073,6965.9,29949.47146467
1523177906.9517214,6965.8,29949.6520896
1523177914.5367844,6964.2,29949.5657472
1523177922.1008556,6963.8,29949.13196781
1523177930.8487566,6963.7,29943.13125884
1523177938.0366607,6964.2,29943.10900043
1523177946.2625215,6964.2,29943.29665562
1523177954.634411,6962.9,29955.00800882
1523177978.179714,6960.6,29958.52383804
1523177986.0177243,6959.9,29953.87375066
1523178002.5894668,6959.9,29951.53361624
1523178018.046094,6959.9,29963.13580561
1523178114.8552437,6959.9,29941.49638057
1523178146.5479732,6959.9,29937.84911897
1523178170.7795818,6959.9,29937.59912968
1523178178.1214194,6959.9,29907.29672601
1523178186.621209,6963.6,29907.29672601
1523178194.3994317,6963.6,29907.50172601
1523178202.6319118,6963.6,29912.44072601
1523178218.4968607,6963.6,29914.90672601
1523178234.8422222,6964.6,29917.74713988
1523178242.5283751,6964.6,29917.67713988
1523178250.4989765,6965.7,29919.20796534
1523178258.3199942,6964.7,29919.18280153
1523178266.016793,6964.7,29919.119196
1523178282.3969114,6964.7,29919.74550166
1523178289.9968069,6964.7,29919.63668724
1523178306.209648,6964.7,29956.5609717
1523178314.1383789,6968.5,29926.5249717
1523178322.1178913,6968.5,29925.57230221
1523178330.5219712,6968.5,29814.50207374
1523178346.5407948,6968.9,29811.51121484
1523178362.6752217,6972,29789.13360333
1523178370.047956,6973.2,29726.00221785
1523178378.8097508,6973.3,29722.36896837
1523178386.8098655,6974.3,29718.06939017
1523178394.9703133,6974.3,29718.14071717
1523178402.3640978,6974.9,29718.19666417
1523178410.453233,6978.9,29731.42551626
1523178418.5303607,6978.9,29733.27842847
1523178426.6093738,6981.5,29735.91162141
1523178442.5512576,6981.5,29722.18980966
1523178450.3165402,6981.5,29716.8252671
1523178458.1720045,6981.5,29716.62907376
1523178466.057038,6981.5,29716.63552318
1523178474.5991147,6981.5,29716.73952318
1523178482.0375865,6981.5,29717.8215361
1523178491.1297958,6981.5,29716.93225027
1523178498.1525772,6976.5,29730.60350867
1523178506.6438756,6971,29730.4394733
1523178514.137554,6968.2,29730.32430447
1523178522.6229844,6968.2,29730.06968192
1523178530.7253728,6968.2,29729.75872592
1523178538.2034233,6968.2,29729.77472592
1523178554.0445294,6971.5,29728.99818207
1523178562.1831574,6973.2,29728.85031597
1523178570.041853,6973.9,29727.42759897
1523178578.094501,6973.9,29725.33827376
1523178603.0540338,6969.4,29739.22502918
1523178610.558747,6968.9,29726.61173345
1523178618.2997565,6968.9,29733.10896646
1523178626.8153183,6968.9,29732.29528891
1523178666.2324758,6968.9,29728.40713419
1523178682.536009,6968.9,29728.68846397
1523178722.4926934,6968.9,29726.13634785
1523178746.8219771,6968.9,29724.24834658
1523178762.6209216,6968.9,29721.88918756
1523178786.6728177,6970.6,29726.65909256
1523178834.45755,6972,29724.95229841
1523178842.0765052,6972,29723.20007075
1523178850.099108,6973.7,29723.84030192
1523178858.8024602,6970.7,29744.51404387
1523178865.9774845,6973.8,29744.60784386
1523178922.303562,6973.8,29738.58165722
1523178930.6319556,6973.8,29739.00538028
1523178938.7782948,6970.5,29753.95588028
1523178970.3747463,6970.5,29750.78958864
1523178977.8259573,6970.5,29750.89449076
1523178986.159358,6970.5,29750.786432
1523178994.4996028,6970.5,29750.01339021
1523179066.1297526,6970.5,29746.43318137
1523179146.45403,6970.5,29738.56673867
1523179170.1458824,6970.5,29732.27078554
1523179186.6647518,6971.7,29732.18159288
1523179194.1105387,6971.7,29732.22114466
1523179210.0622492,6971.7,29732.32077062
1523179241.9764962,6973,29733.33695762
1523179250.530345,6973,29733.33695762
1523179258.0412683,6973,29728.44124912
1523179266.218534,6973,29727.40991925
1523179282.0650735,6973,29724.57849237
1523179289.9750237,6973,29721.25553819
1523179299.2871635,6973.9,29713.49763819
1523179306.7789686,6974.9,29713.55763819
1523179314.0823083,6974.9,29712.94273819
1523179338.5969934,6974.9,29709.328604
1523179362.0876925,6974.9,29703.74292327
1523179370.6633067,6978.2,29704.30292327
1523179418.1453245,6979,29696.5272498
1523179427.0032096,6979,29695.73615743
1523179442.6490386,6979,29660.26525743
1523179458.6876729,6979.9,29656.12658619
1523179482.1387403,6979.9,29667.15244088
1523179490.757553,6987.8,29656.52621972
1523179498.3724575,6988.9,29658.91848973
1523179506.7282844,6989.6,29663.90506435
1523179513.9771953,6989.2,29663.46827023
1523179522.691695,6987.9,29669.44956133
1523179530.7230709,6976.1,29669.78129647
1523179538.112749,6977,29669.72087922
1523179546.0634942,6977,29639.77977922
1523179634.0924463,6977,29367.35198764
1523179642.1668773,6977,29367.02870016
1523179650.6694877,6977,29367.19946278
1523179658.5338275,6977,29369.27299323
1523179698.5381353,6979.9,29360.99401114
1523179706.2092602,6979.9,29360.77323165
1523179714.8381848,6979.9,29360.78078139
1523179722.4387896,6979.9,29361.06293199
1523179730.687609,6979.9,29321.81179034
1523179746.5189953,6979.9,29277.64319373
1523179761.990869,6979.9,29273.41930747
1523179778.1088185,6979.9,29272.81445464
1523179794.82376,6977.2,29252.90828746
1523179802.2997415,6978.5,29252.90608746
1523179810.0634835,6979.1,29259.3206623
1523179818.5978935,6979.9,29258.46034787
1523179826.9057968,6981.7,29258.80460119
1523179841.9898145,6981.7,29259.0362696
1523179850.2617,6983.1,29258.90635512
1523179858.6901443,6983.5,29258.9450001
1523179906.4350407,6983.5,29249.06252419
1523179922.0586207,6983.5,29247.53099539
1523179946.7925932,6979.6,29280.08854408
1523179954.722667,6979.6,29278.22976915
1523179977.9894333,6979.6,29281.34127603
1523179986.071042,6979,29233.32576566
1523179994.497232,6979,29238.34337955
1523180002.018297,6979,29208.05217743
1523180018.5529904,6979,29207.70714021
1523180026.424532,6979.8,29178.3168217
1523180033.9970393,6981.2,29177.3071417
1523180042.638493,6982.3,29177.30825334
1523180050.5354412,6979,29176.85636539
1523180058.6188462,6979.1,29181.71568858
1523180066.555541,6980.3,29181.55144883
1523180074.2137032,6981.4,29180.88927645
1523180082.6639578,6981.6,29180.93517645
1523180090.036344,6979,29180.07901603
1523180098.3723176,6979,29180.26451876
1523180114.4627614,6979.4,29179.87453228
1523180121.9897783,6979.5,29178.82693228
1523180130.3710208,6979.6,29179.92508609
1523180138.0069056,6979.9,29173.88525419
1523180146.6737967,6979.9,29178.48411555
1523180169.9196522,6976.6,29184.74501963
1523180178.0441508,6974.9,29186.87238096
1523180186.01485,6976.3,29186.49783249
1523180194.7935302,6977.1,29186.65994617
1523180201.9258313,6979,29186.30754617
1523180210.8241916,6979.8,29191.21004937
1523180234.8122468,6979.8,29190.67976969
1523180322.4139137,6979.9,29191.10240349
1523180330.2491527,6979.9,29191.10784156
1523180345.993326,6979.9,29190.27555114
1523180418.0323837,6983.4,29201.51467326
1523180434.612787,6984.4,29205.55665827
1523180441.9172668,6984.9,29188.75313358
1523180483.0481243,6984.9,28988.59133273
1523180506.099565,6984.9,28973.10894872
1523180514.8552768,6986.8,28972.51834872
1523180522.0196688,6986.2,28862.35879233
1523180530.8880055,6985.2,28811.76231433
1523180538.586632,6985.2,28810.26493485
1523180546.42318,6986.2,28812.98366371
1523180562.7098436,6987,28813.83436838
1523180570.0481627,6987,28821.56346014
1523180578.712167,6988.2,28820.41539954
1523180586.3793983,6987.6,28820.93228812
1523180594.449349,6987.5,28819.44945815
1523180642.396455,6987.1,28759.81863881
1523180650.9879851,6986.3,28736.22259919
1523180658.0790105,6985,28715.63270325
1523180673.925761,6983.4,28716.58082818
1523180682.6754117,6980.5,28717.58231457
1523180690.8753223,6980.6,28717.39730057
1523180706.211782,6980.6,28720.68195926
1523180714.933781,6982,28720.58020788
1523180746.0885499,6982,28698.01510363
1523180770.5434146,6982,28700.2336259
1523180794.0876064,6982,28698.53030787
1523180826.0096586,6981,28703.95068218
1523180834.5157573,6980.5,28739.685323
1523180842.2640638,6984.2,28747.66815359
1523180850.0641844,6985.1,28747.64815359
1523180858.0573027,6985,28750.64375359
1523180866.5326822,6983.2,28750.58065215
1523180874.057397,6982,28750.58065215
1523180883.025105,6981.9,28750.58065215
1523180890.6024048,6983.8,28753.52860107
1523180898.3454416,6984.6,28753.51458635
1523180906.3673449,6985.3,28756.54160199
1523180922.4346697,6986.2,28756.27993209
1523180930.5306041,6986.2,28758.72891909
1523180938.6786487,6986.2,28761.23989039
1523180962.0332952,6987.8,28763.32423894
1523180970.5949085,6987.9,28766.31983894
1523180978.4015746,6989,28783.33646965
1523180986.3327487,6990.5,28783.10740965
1523180994.125184,6996,28935.03341373
1523181002.3784091,6998,28946.54985741
1523181009.9357557,7002.3,28964.68191313
1523181026.1145678,7004.9,28979.66508087
1523181034.4586613,7019.1,29134.09409415
1523181041.9990757,7022.8,29172.42661574
1523181050.810464,7026.3,29213.69150858
1523181058.1354046,7025.1,29258.73164911
1523181066.194858,7028.8,29266.13250831
1523181074.0794322,7026,29270.28668795
1523181082.0729928,7025.9,29294.85607153
1523181090.4444153,7017.2,29297.87394463
1523181106.1641996,7012,29317.40857746
1523181122.8387027,7009.8,29329.15024347
1523181130.1987803,7008,29332.32112965
1523181146.1552925,7008,29323.06761759
1523181162.8501325,7008,29322.53149747
1523181170.759256,7005.8,29352.66287795
1523181178.7561414,7007.9,29352.78595106
1523181186.0780623,7009.2,29354.25794758
1523181194.1073883,7012.1,29353.89218674
1523181202.028596,7012.8,29356.88501472
1523181210.5697055,7014.8,29357.90824538
1523181218.0536318,7016.4,29357.56776614
1523181226.8802183,7017,29361.03963522
1523181234.6614673,7017,29361.09435522
1523181242.0596504,7017.3,29361.36527522
1523181250.4739847,7015.1,29361.68839522
1523181258.124877,7012.7,29360.89122283
1523181266.504395,7012.7,29362.66912333
1523181274.196035,7006,29362.90912283
1523181282.147819,7005.5,29362.97654283
1523181290.4268303,7002.7,29365.64280574
1523181298.754155,7002.7,29378.45569745
1523181306.634748,7006.9,29376.59951768
1523181314.001335,7005.8,29376.61292133
1523181322.0736399,7005.7,29376.60496133
1523181330.6264992,7006.7,29377.1601491
1523181338.1434453,7007.7,29379.71595792
1523181346.5591063,7007.7,29380.13819792
1523181354.4875665,7005.6,29380.34869902
1523181362.7994888,7007.2,29380.66557973
1523181370.397474,7005.9,29380.98389481
1523181378.1553702,7003,29379.8123208
1523181386.2204537,7003.8,29383.036808
1523181394.58271,7004.3,29388.28692471
1523181410.0898383,7004,29388.28332564
1523181419.1634295,6998,29403.96443252
1523181426.9092717,6995,29404.78083772
1523181442.1057763,6995,29409.14926186
1523181458.6123374,6998.8,29413.45173993
1523181466.1285963,6998.8,29413.45123081
1523181490.4528155,6998.8,29428.787578
1523181498.496854,6999.9,29428.56165884
1523181506.0923355,6995,29435.35488378
1523181514.160339,6991.6,29444.59617816
1523181522.424703,6990,29450.12238106
1523181530.1793082,6990,29450.45028926
1523181538.3656318,6992.7,29450.47428926
1523181547.1663063,6994.9,29460.58428926
1523181554.0217175,6995.1,29460.36994212
1523181562.8710785,6995.1,29460.94445578
1523181570.7047808,6995,29460.96199171
1523181578.646599,6994,29460.03117141
1523181602.8810587,6991.3,29466.40830538
1523181609.97404,6990,29470.89468195
1523181618.5984373,6990,29469.01872407
1523181682.0329845,6990,29466.82325591
1523181690.067134,6990,29468.61754365
1523181706.486294,6989,29473.2056217
1523181714.5558388,6989,29473.47494528
1523181722.928995,6988.4,29474.55210991
1523181730.2016792,6987.9,29474.50416394
1523181738.7407339,6985.8,29477.59356522
1523181746.1833873,6985.8,29477.68869497
1523181762.0416372,6985.8,29477.6234157
1523181770.0366,6985.3,29481.1616572
1523181778.2103727,6985.8,29481.3616572
1523181786.8852274,6985.8,29483.12113588
1523181802.8245544,6985.8,29482.97909918
1523181810.1956525,6985.3,29486.77909918
1523181818.3214335,6985.3,29486.76534517
1523181842.0300114,6985.6,29486.75754517
1523181850.7034738,6985.9,29487.88154517
1523181858.3578358,6987.9,29488.85903517
1523181866.6437986,6989.9,29489.13073076
1523181874.2429793,6990,29487.33503076
1523181890.1411192,6990,29485.27313945
1523181906.5600474,6993,29484.82069929
1523181922.5013015,6993,29489.31961454
1523181946.143289,6993,29486.43854397
1523181954.2091084,6990.1,29486.54748294
1523181994.039892,6985.2,29480.11043788
1523182002.182357,6987.6,29477.21543788
1523182018.576485,6987.6,29473.58200634
1523182050.1723647,6992.9,29431.94110336
1523182058.0995233,6992.6,29418.83142067
1523182066.2391539,6993.1,29395.67088779
1523182074.4978728,6993.1,29384.87503474
1523182082.4300966,6993.1,29334.47815167
1523182090.001418,6994.9,29333.5770666
1523182130.9746974,6992.3,29336.05746178
1523182138.33215,6992.3,29334.95279531
1523182146.5012217,6992.7,29334.84891279
1523182154.013712,6992.3,29337.83891279
1523182178.0430658,6992.3,29335.86391279
1523182186.0736616,6989.6,29338.42039374
1523182194.5856185,6989.9,29338.70850504
1523182202.5483859,6989.2,29338.69282739
1523182210.3053231,6989.6,29337.74102762
1523182218.8146164,6988.8,29337.2048131
1523182226.0743186,6988.5,29337.3048131
1523182235.0096548,6986.5,29337.08821021
1523182242.0604339,6986.6,29337.08821021
1523182250.0526297,6986.8,29336.71661021
1523182258.897151,6986.9,29336.4120586
1523182274.0238287,6987,29332.79700913
1523182283.009585,6987.7,29332.81780913
1523182290.5866883,6987.7,29331.68355738
1523182298.3520265,6988.1,29333.47024358
1523182306.2508848,6990.4,29340.46467403
1523182313.9741669,6993,29347.48967403
1523182322.777171,6992.7,29346.85132003
1523182330.3986418,6995,29343.88132003
1523182338.1381958,6995,29344.13627441
1523182346.596108,6995,29354.23627441
1523182354.181285,6995,29364.17627441
1523182362.3965442,7000,29374.02462444
1523182370.0811985,6995,29373.68689413
1523182378.5547917,6995,29373.73689413
1523182418.5772984,6995,29366.32934349
1523182426.7926276,6996,29366.38434349
1523182450.8469317,6996,29362.68654349
1523182458.5165367,6995,29363.31104365
1523182482.556567,6995,29362.29216918
1523182490.042649,6995,29362.38496918
1523182498.1512556,6995,29362.37776918
1523182530.4666126,6995,29364.78205267
1523182538.028959,6995,29366.53782117
1523182546.709728,6986.9,29366.56489118
1523182554.3000627,6989.4,29366.57489118
1523182562.026324,6989.9,29363.51864589
1523182569.943045,6989.3,29352.71621566
1523182578.8290315,6988.7,29355.34756506
1523182586.7549381,6990.2,29355.04337721
1523182594.1289084,6993.5,29328.28849071
1523182610.5216525,6993.5,29324.56361058
1523182626.1207151,6993.5,29321.4281103
1523182642.4081514,6994.6,29297.20942675
1523182650.5526443,6995.9,29298.68409909
1523182658.2775578,6996.8,29298.39394181
1523182666.0233033,6997.9,29298.09835951
1523182674.0408082,6997.9,29298.90412265
1523182682.1865466,6998.7,29300.49095265
1523182689.9009762,7002.7,29300.71433265
1523182698.8498123,7005.8,29298.18431862
1523182706.4441416,7005.9,29299.45403862
1523182713.9117067,7007.3,29299.94762897
1523182722.5870643,7009,29306.26309457
1523182730.8502676,7007.1,29306.20971285
1523182738.9400277,7002,29307.11513401
1523182746.2659745,6996.9,29307.6620101
1523182754.62629,6997.4,29309.95834858
1523182762.2348113,6998.7,29310.79140434
1523182770.179925,6998.7,29309.94840415
1523182778.1331522,6998.3,29309.85512659
1523182785.9150262,6998.3,29309.78004839
1523182794.8744583,6998.7,29310.4894617
1523182802.2531996,6998.8,29309.4894617
1523182810.6129434,6999.4,29309.85754722
1523182817.9395013,6999.7,29309.86320335
1523182826.6815822,6999.8,29309.97753335
1523182834.0326622,6999.8,29310.05186335
1523182842.4134562,6999.9,29308.4700173
1523182850.3113751,7000.9,29309.22605026
1523182858.351002,7000.9,29310.76711185
1523182866.7719834,7004.1,29296.95463008
1523182874.079688,7004.9,29296.98523927
1523182882.5234606,7008.9,29297.6900178
1523182890.1629586,7003.7,29295.68723974
1523182899.1844614,7008.9,29297.82693884
1523182906.2389743,7009.2,29208.96169251
1523182914.1684492,7009.1,29206.86036382
1523182922.5507622,7009,29201.68523285
1523182931.1218598,7008.9,29200.74588113
1523182937.8560963,7005.2,29200.74588113
1523182946.1350627,7004.4,29202.01757113
1523182954.6649427,7003,29201.87832839
1523182962.212241,7003.3,29201.37964839
1523182971.038061,7003.4,29201.57964839
1523182978.0605867,7003.8,29200.89375558
1523182986.0592704,7004.1,29200.83005558
1523182994.8722098,7004.2,29200.41698891
1523183002.2666874,7004.2,29200.45784302
1523183010.2520697,7004.4,29140.01249594
1523183018.23726,7004.4,29127.65584491
1523183042.6545732,7004.9,29134.57889522
1523183050.2084289,7008.9,29135.5618625
1523183057.968295,7009,29135.0844866
1523183066.4906716,7009.9,29134.96469347
1523183074.455572,7009.9,29135.70698347
1523183082.5428348,7010.9,29136.57860347
1523183090.4325752,7010.9,29136.65587193
1523183106.8318782,7010.9,29137.52771505
1523183114.6130502,7010.9,29138.81617485
1523183146.5561063,7010.9,29138.1484909
1523183154.086812,7010.9,29138.54324212
1523183162.46377,7010,29139.38906517
1523183170.5295765,7003,29139.52066189
1523183178.1366313,7003,29139.62279844
1523183186.4006076,7004,29140.28523676
1523183194.1735399,7005.9,29140.28523676
1523183202.6745138,7006.8,29140.19212297
1523183218.6976633,7012,29159.10779304
1523183226.0100787,7012.1,29159.27501304
1523183243.044976,7007,29172.96514889
1523183250.5087695,7006.9,29173.03676889
1523183258.095408,7006.5,29174.15357476
1523183266.5295603,7005,29178.45168398
1523183274.0608954,7005.3,29180.77677548
1523183282.5823572,7005.2,29181.03758548
1523183290.0159316,7003.1,29193.8844644
1523183298.742085,7005.3,29195.98155266
1523183306.6946826,7005.3,29192.15399514
1523183315.0818648,7005.3,29190.02813925
1523183322.5058982,7004.1,29189.8001592
1523183330.3925025,6999.9,29192.33886676
1523183338.4382849,6999.9,29192.57097338
1523183346.588294,7000.2,29192.50708816
1523183354.2260466,7005,29196.17138006
1523183362.7825851,7000,29196.17138006
1523183370.0456123,7000,29194.40528406
1523183378.7582614,7000,29194.40528406
1523183386.3200924,7000.1,29196.63389406
1523183394.0589528,7006.4,29196.60551406
1523183402.6752546,7006.4,29199.2251712
1523183410.5189838,7002.7,29200.10829699
1523183418.9389412,7003.3,29195.13410694
1523183426.8940377,7003.6,29189.32381012
1523183434.5101612,7002.4,29189.56705012
1523183442.08583,7004,29189.63062949
1523183450.6436713,7002.7,29189.94218764
1523183458.132578,6998.6,29189.84183981
1523183466.211051,6998.6,29190.64271398
1523183482.4113576,6998.6,29200.24884095
1523183490.39508,7002.1,29197.57950095
1523183498.8455298,7000.9,29220.4607662
1523183505.935786,7002.6,29211.49942598
1523183514.5564008,7002.6,29211.70020132
1523183522.0184443,7002.6,29212.09584497
1523183531.0468204,7002.3,29212.8130641
1523183562.0271919,7002.1,29212.70944473
1523183570.2270057,6998.7,29212.73606223
1523183577.8773472,6997.4,29214.29964258
1523183586.9188824,7001.3,29215.04035892
1523183594.5695577,7000.2,29215.8873709
1523183602.379616,7000.3,29214.9770347
1523183610.1569953,7002,29188.69010559
1523183618.727509,7005.5,29230.7034785
1523183625.9636433,7005.6,29230.86875081
1523183634.7146623,7006.8,29231.60443668
1523183666.6760132,7005.7,29230.05570438
1523183674.0863602,7005.1,29229.96552559
1523183682.1297514,7006.3,29232.80512538
1523183690.1790385,7006.4,29231.89026409
1523183698.588111,7006.4,29232.20908409
1523183706.113736,7006.4,29229.66555179
1523183714.5824127,7006.4,29234.60259316
1523183722.384396,7006.4,29240.10859316
1523183730.1592734,7006.4,29239.8870547
1523183778.5483387,7006.4,29238.69627537
1523183802.0153265,7006.8,29240.14709947
1523183850.627502,7006.9,29235.55980113
1523183858.3171046,7006.9,29239.95661658
1523183866.8685138,7012.1,29239.36258095
1523183874.488433,7012.5,29244.68975478
1523183882.4320757,7014.9,29243.75273762
1523183890.330431,7014.9,29244.51726151
1523183906.0157948,7012.9,29245.62487207
1523183914.110522,7009.8,29244.83187207
1523183922.0360773,7007.6,29251.11415947
1523183930.0589905,7007.8,29250.78168898
1523183939.2284124,7011.2,29251.07791118
1523183954.3604052,7011.2,29241.27670602
1523183961.962904,7011.2,29241.16854154
1523183971.063538,7011.2,29240.44653395
1523183977.9994912,7010.5,29232.14794059
1523183986.6663775,7010,29231.20371572
1523184018.0935922,7011.1,29243.95133989
1523184026.6186364,7011.1,29243.958252
1523184049.882411,7011.5,29244.75198713
1523184057.9706028,7011.6,29244.76206885
1523184066.4998345,7012.3,29244.74187702
1523184074.6928976,7012.3,29245.24789324
1523184090.0124907,7012.3,29245.23718896
1523184106.0583534,7012.4,29246.08559015
1523184130.3060913,7012.4,29247.50010346
1523184138.3908522,7012.4,29247.67647246
1523184146.8839254,7012.3,29247.91323981
1523184154.4928558,7011.5,29248.97909654
1523184162.487588,7005.6,29258.35831615
1523184170.098328,7005,29259.7486473
1523184186.4432065,7001.2,29260.52218758
1523184194.682642,7001,29261.04607972
1523184201.9647849,7001.1,29261.0454712
1523184210.6459777,7001,29261.2998612
1523184218.0574229,7000.2,29261.45905119
1523184226.8777907,7001.6,29261.71445127
1523184234.277282,7003.1,29262.00725127
1523184242.8213837,7003.2,29262.42635954
1523184250.064741,7003.2,29262.45916864
1523184274.6413176,7000,29267.32617244
1523184298.085231,6999.9,29292.34174248
1523184306.4693172,6999,29293.00273388
1523184314.4151084,6998.6,29293.26092653
1523184322.7116125,6998.6,29293.83731161
1523184329.9440405,6998.6,29294.33709634
1523184362.1302807,6998.6,29296.6858881
1523184370.8736234,6998.6,29296.4929492
1523184386.4553628,6998.6,29298.71236814
1523184394.5606725,6995,29299.19756814
1523184410.433912,6991.6,29304.6740615
1523184418.094554,6991.6,29304.60742328
1523184442.8324492,6991.6,29303.76860346
1523184454.1391768,6991.6,29303.77880346
1523184474.8177173,6995.2,29304.90843217
1523184482.399789,6995.6,29305.00843217
1523184490.0194354,6995.6,29303.77160948
1523184498.4417415,6996,29303.51109948
1523184506.0708587,6996.2,29303.51933948
1523184514.848295,6996.2,29303.12133948
1523184530.458795,6996.2,29302.92958948
1523184546.7131472,6998.6,29309.27498597
1523184554.0300708,6999.9,29309.5284885
1523184570.1023822,6999.9,29309.56643976
1523184594.2612092,6999.9,29310.6316294
1523184642.6269414,6999.9,29311.5195374
1523184650.0648768,6999.9,29312.09131296
1523184674.4622984,6998.7,29321.21512543
1523184682.1040506,6999.8,29321.32383323
1523184689.9255974,6999.8,29321.31525976
1523184698.8046696,6999.8,29321.41480738
1523184706.915705,6996,29322.70269679
1523184714.999389,6994.5,29323.18761082
1523184730.900302,6992.9,29317.03950056
1523184738.03239,6991.4,29312.31104812
1523184746.8603485,6991.4,29312.18251077
1523184762.3522735,6990.3,29320.3641933
1523184771.051911,6993.6,29320.03259917
1523184778.8220632,6992.1,29323.03376063
1523184786.8896062,6991.2,29323.35618661
1523184794.8663437,6991.5,29323.35618661
1523184802.400738,6995.2,29322.41444461
1523184810.181982,6993.1,29319.9055424
1523184818.40498,6991.7,29320.71630884
1523184826.3536603,6991.7,29320.92839871
1523184834.7045937,6991.7,29319.9604998
1523184842.139074,6991.7,29319.51283291
1523184850.7833347,6992.8,29319.48243751
1523184858.0895782,6993.1,29319.46947443
1523184866.2088764,6992.4,29319.46645885
1523184874.140252,6992.6,29320.46645885
1523184882.1543326,6992.6,29319.13581005
1523184890.2304246,6991.1,29325.18193469
1523184898.9653058,6989,29325.43966959
1523184906.42411,6989,29325.59328981
1523184914.5220056,6989,29325.73919792
1523184922.530362,6988.5,29315.16133704
1523184930.5911627,6988.7,29315.34995625
1523184939.245904,6988.1,29316.27620038
1523184947.0358276,6988.1,29316.99324107
1523184970.2530138,6988.1,29318.030084
1523184978.0843523,6988.1,29318.998589
1523184985.9767613,6987.8,29322.90812648
1523184994.2673612,6985,29323.07425743
1523185002.100448,6987.2,29323.57995828
1523185010.8232422,6987.9,29323.70406381
1523185018.457817,6987.9,29322.68954381
1523185026.0197973,6990.9,29324.71468909
1523185034.532368,6993.4,29324.40464391
1523185050.9184976,6990,29322.73920858
1523185058.2040627,6987.4,29322.81620858
1523185066.1510963,6987.4,29323.04028202
1523185074.006896,6988.1,29322.99933622
1523185082.159038,6989.2,29323.00233622
1523185090.6217206,6989.7,29323.18064149
1523185098.0160022,6989.7,29323.20064149
1523185106.1050184,6989.1,29322.97056939
1523185154.049137,6989.1,29323.87039739
1523185162.576619,6986,29324.26922947
1523185178.4159708,6986,29322.92653047
1523185186.1205611,6986,29323.75103047
1523185194.4715154,6988.4,29325.97999479
1523185202.2963696,6988.7,29326.07501927
1523185210.7442229,6984.6,29327.87590281
1523185226.7811234,6982.5,29330.09687928
1523185234.0947907,6986.4,29329.69241007
1523185242.5285177,6986.6,29331.69596128
1523185250.284853,6984.3,29330.76772307
1523185258.525169,6980,29335.54018012
1523185265.9767666,6979,29337.65234371
1523185274.0161114,6984.1,29334.87858549
1523185282.131106,6986.8,29312.03245142
1523185290.9951298,6985.9,29317.57501177
1523185298.2181854,6986.7,29317.67801177
1523185306.12401,6989.9,29318.07880288
1523185338.919665,6989.9,29322.06875549
1523185346.7270987,6990.8,29324.19799906
1523185354.6217558,6990.9,29324.31523906
1523185362.0776007,6992,29327.13296642
1523185370.0977542,6995.9,29335.03285904
1523185378.5734382,6998.1,29335.91612904
1523185386.2915473,6998.5,29336.68334719
1523185394.0702868,6995.4,29336.32554719
1523185401.9920764,6993.6,29336.32554719
1523185410.6225853,6993.3,29336.46569147
1523185418.4803739,6993.4,29336.15162913
1523185426.520334,6993.7,29336.47036912
1523185434.4222958,6993.7,29336.51197676
1523185442.9405584,6993.7,29336.50334937
1523185458.16414,6993.7,29335.27511138
1523185465.9989061,6994.1,29335.20511138
1523185474.245848,6996.2,29343.08608634
1523185482.1541302,6997.5,29342.14468116
1523185490.048309,6994.5,29347.34260093
1523185498.7231407,6995.5,29348.5676086
1523185506.3221948,6993.3,29349.66405481
1523185514.4940455,6993.3,29349.5702505
1523185522.5859947,6993.4,29349.57680279
1523185530.3967505,6991.2,29354.57680279
1523185538.1470628,6991.9,29354.60062579
1523185546.4208283,6992,29354.60558091
1523185554.4848254,6992,29354.57219091
1523185562.286169,6994,29354.42064177
1523185570.7219455,6996.9,29404.34115447
1523185578.0951324,6997.9,29403.92409489
1523185586.5492606,6998.4,29404.12011743
1523185593.9994829,6998.4,29404.12011743
1523185602.3695812,6998.5,29404.26850507
1523185610.0559688,6998.5,29405.04234227
1523185642.0481274,6998.5,29405.0606637
1523185650.3565521,6998.5,29405.30285838
1523185658.396621,6998.5,29405.32070838
1523185682.8419256,6998.5,29405.25650682
1523185706.6820672,6998.5,29410.46522488
1523185715.0937352,6998.5,29410.88889389
1523185738.1644492,6998.5,29417.5020089
1523185746.1362817,6998.5,29418.0220089
1523185754.7711732,6998.5,29422.4674489
1523185762.6763613,6998.9,29424.96554867
1523185770.7662868,7005.2,29435.98876465
1523185778.0103428,7008.7,29445.79632525
1523185786.050532,7005.1,29448.67017276
1523185794.622158,7002.9,29453.99917276
1523185802.7571805,7001.8,29458.99917357
1523185810.5904894,7001.8,29459.11988892
1523185818.3654892,7000,29459.25695018
1523185850.5220935,7000,29457.99640351
1523185858.0071597,7002.4,29458.99640351
1523185866.5230877,7000.2,29459.91619389
1523185874.1118102,7000,29459.82238958
1523185882.116464,7000,29476.92466187
1523185890.1244378,7005.2,29476.69132088
1523185898.5506706,7005.1,29476.82347488
1523185906.67006,7005,29476.82347488
1523185914.5532923,7005,29476.9896258
1523185922.1908069,7005,29475.97459973
1523185930.1830711,7005.1,29475.88800905
1523185938.3281193,7005.4,29475.90203805
1523185946.8659189,7006.1,29475.78656158
1523185954.2744439,7006.1,29472.96237436
1523185962.4686904,7006.1,29476.73782158
1523185970.5742955,7005,29476.79562158
1523185978.3729687,7005,29477.79713482
1523186034.147039,7006.5,29477.35110875
1523186042.622713,7006.9,29474.95515932
1523186050.3902836,7006.7,29464.09272836
1523186058.5447867,7005,29436.66295896
1523186066.5880532,7005.5,29434.51105896
1523186074.341107,7005,29434.22773164
1523186082.4127321,7005,29434.22773164
1523186090.1783733,7005,29433.3498485
1523186098.788887,7005.5,29433.3783985
1523186106.2505965,7005.8,29433.55415929
1523186114.0013201,7005.1,29433.45757491
1523186122.375693,7005.1,29433.42757491
1523186130.1707015,7006.9,29438.49233608
1523186138.5617433,7006,29438.20581973
1523186146.7406805,7005,29444.83640454
1523186154.4464529,7005,29443.88465342
1523186169.9861102,7005.1,29466.26312285
1523186178.7048144,7006.2,29466.36384878
1523186186.576243,7007.1,29466.34265247
1523186194.5520508,7007.1,29465.90928499
1523186202.3840787,7007.1,29461.86746379
1523186210.805474,7007.5,29461.86746379
1523186218.1727438,7007.4,29461.83446379
1523186226.0330012,7007.2,29461.83639466
1523186234.724778,7007.2,29461.3653297
1523186242.3603253,7007.4,29470.20759985
1523186250.1166172,7005.2,29468.62173705
1523186258.143927,7005.2,29468.62659212
1523186290.3868918,7005.2,29470.43884344
1523186307.3149369,7005.2,29470.06298904
1523186314.433437,7005.4,29473.51873655
1523186322.0468433,7005.4,29473.52227585
1523186346.8063166,7005.7,29473.55266585
1523186354.079922,7005.7,29475.45766199
1523186362.901977,7005.4,29475.47766199
1523186386.9650164,7005.6,29475.42992061
1523186394.9781034,7005.7,29475.42992061
1523186402.2374144,7005.7,29475.88076061
1523186410.726781,7006.6,29476.99108838
1523186418.1205945,7006.4,29476.96238269
1523186442.5304165,7006.4,29477.25090069
1523186450.136269,7006.4,29477.28090069
1523186473.9378016,7006.4,29477.48033901
1523186482.6026735,7006.4,29477.03349901
1523186514.033009,7005,29488.40251567
1523186610.0767293,7005,29433.33853823
1523186626.9206223,7000.1,29440.41794267
1523186634.4123588,7000,29441.83032109
1523186642.5156288,7000.7,29441.87032109
1523186649.9276142,7000.8,29442.71084697
1523186658.9321043,7000.8,29451.00192396
1523186666.7872915,7000.8,29450.37192396
1523186674.002123,7000.9,29463.44192396
1523186682.9992445,6999.7,29463.51329554
1523186698.5903406,6999.9,29463.50851085
1523186730.7813091,6999.9,29463.71093619
1523186746.6963596,6998.9,29463.92802219
1523186754.634054,6998.9,29463.97172219
1523186786.7318017,6998.9,29437.04328735
1523186874.3682184,6998.9,29433.9012279
1523186882.0910919,7001.4,29436.06709376
1523186890.2893412,6998.9,29439.67341495
1523186898.1481857,6998.9,29439.33125855
1523186907.166549,6998.9,29439.33784684
1523186946.0743828,6998.9,29443.04733076
1523186962.5296166,7000.9,29445.05333042
1523186978.605191,6998.9,29445.05916799
1523186986.7930741,6999.2,29447.3011082
1523186994.1940575,7000.9,29447.18046321
1523187010.1286836,7000.9,29447.64687741
1523187018.4275968,7000.9,29447.6480643
1523187026.130827,7000.9,29449.30147917
1523187042.055052,7001,29449.76214056
1523187050.6896968,7001.1,29450.16048576
1523187058.1231658,7000.9,29450.71401576
1523187066.8324447,7000.9,29450.70812476
1523187090.6023996,7001.1,29450.53300625
1523187106.122621,7001.1,29450.85300625
1523187114.0396438,7002.1,29451.96849031
1523187122.1038105,7002.6,29451.9714288
1523187138.1525002,7002.9,29452.44280317
1523187146.6399784,7008,29472.00814312
1523187154.606901,7009.8,29471.986396
1523187162.7644758,7009.8,29468.989296
1523187177.9738328,7009.9,29468.71619633
1523187186.7210183,7010.8,29468.49866204
1523187194.142545,7012.4,29469.32849204
1523187202.1060855,7012.4,29470.17229204
1523187209.9939897,7012.4,29466.39568645
1523187218.1684122,7012.5,29437.42676948
1523187226.3849254,7012.5,29443.46100169
1523187234.8757472,7012.2,29443.50880169
1523187242.7812111,7014.9,29444.56096048
1523187249.9146194,7014.9,29429.55376048
1523187258.8802009,7014.9,29434.16539048
1523187266.8984666,7015,29443.83818277
1523187274.6592016,7024.9,29462.23680071
1523187282.1106446,7024.9,29464.75179071
1523187290.0179372,7022.8,29476.41652704
1523187298.4337204,7022.6,29479.09032002
1523187306.0356684,7022.9,29478.92463245
1523187314.1167386,7020.8,29480.01947605
1523187322.9250133,7018,29482.08352846
1523187338.2317326,7016,29482.46762587
1523187346.1148474,7014.2,29482.90578227
1523187354.2483869,7016.6,29482.99078227
1523187362.077675,7016.1,29483.31078227
1523187370.1851943,7016.3,29483.32915099
1523187378.2632804,7016.9,29485.2962957
1523187386.589214,7018.4,29463.60878396
1523187394.2160196,7018.5,29463.15498396
1523187402.4114566,7018.5,29462.5976703
1523187410.6291292,7015,29465.01769835
1523187418.8127801,7015,29465.71618904
1523187426.4240203,7016.1,29465.85038399
1523187433.939439,7018.5,29466.19225571
1523187442.7013733,7015,29466.23167495
1523187450.6142187,7014.2,29467.3395249
1523187458.611502,7010.6,29475.35838292
1523187465.9759233,7011.1,29476.05983898
1523187474.8336945,7006.7,29476.32370762
1523187482.0025287,7007.8,29476.12370762
1523187490.1203578,7007.8,29476.09539854
1523187498.2127695,7008.9,29478.0813013
1523187506.5715632,7010.9,29478.29196208
1523187514.186527,7010.9,29478.21484673
1523187522.5815523,7014,29478.06935173
1523187530.3859563,7008.2,29482.18844396
1523187538.4921021,7007.1,29482.08844396
1523187546.790374,7007.1,29480.11600268
1523187570.533162,7007.1,29485.2306049
1523187578.0944107,7006.9,29485.2306049
1523187586.6583486,7008.3,29485.2206049
1523187593.9492626,7008.2,29486.0322439
1523187602.4093225,7008.2,29485.86991202
1523187610.0250795,7008.2,29486.01318639
1523187618.6302042,7010.9,29486.30471202
1523187626.9232576,7013,29486.28746948
1523187634.5843346,7010.5,29487.14946909
1523187642.0096118,7010.5,29487.40203688
1523187650.07457,7009,29488.61049644
1523187658.5472538,7009,29488.81049644
1523187666.1243575,7009,29489.02423608
1523187674.1135206,7009,29490.27613355
1523187682.528256,7009,29490.47613355
1523187690.0177326,7009,29492.47613355
1523187698.945964,7009,29492.54816458
1523187706.6241202,7009,29492.55517868
1523187713.9821153,7009.1,29492.65517868
1523187722.2709281,7008,29492.65517868
1523187730.0936491,7007.5,29492.99325527
1523187738.163188,7007.1,29495.07182227
1523187746.5328965,7008.1,29495.17182227
1523187754.634675,7008,29495.27182227
1523187762.5617714,7008,29494.22564838
1523187769.9984682,7008.6,29494.49805714
1523187778.6561472,7008.6,29494.59639426
1523187786.0751886,7008.6,29494.56459426
1523187794.260268,7009.1,29494.71307656
1523187801.989383,7008.9,29495.05518656
1523187810.1206243,7010.6,29495.29526656
1523187818.1793783,7010.6,29495.24986656
1523187826.285851,7010.9,29496.91486656
1523187834.6172009,7010.9,29496.26688659
1523187842.1324222,7010.9,29513.77451736
1523187850.1062493,7022,29513.8956608
1523187890.4024594,7022.5,29522.22567076
1523187898.1017704,7024.9,29522.10688694
1523187906.225006,7024.9,29546.0637049
1523187914.4437883,7028.7,29546.96655956
1523187921.9811378,7028.8,29564.94575764
1523187930.267692,7033.6,29588.12857729
1523187938.586924,7033.7,29590.33884679
1523187946.6111104,7033.7,29594.7090559
1523187954.1126864,7034.4,29601.94139906
1523187962.2492723,7033.8,29602.84923226
1523187971.1104252,7028.7,29577.00540147
1523187978.0993137,7028.7,29556.63872208
1523187986.0570056,7024.8,29555.20665287
1523187994.0810628,7026.1,29556.28750707
1523188002.3354397,7026.3,29556.7646575
1523188010.339213,7026.1,29554.72293315
1523188018.1408284,7025,29554.83499413
1523188026.0907764,7025.1,29550.71471161
1523188034.5414379,7023.4,29551.96774871
1523188042.4077294,7025,29552.86310648
1523188050.5031393,7025,29553.03883024
1523188058.0220156,7022,29552.94483024
1523188066.8196936,7022,29555.92051646
1523188090.5141094,7014.9,29579.35253863
1523188098.6325743,7014.9,29579.55553863
1523188106.002897,7016.2,29579.86853863
1523188114.589604,7013.5,29579.82938636
1523188121.9239345,7016.2,29580.03538636
1523188131.1499088,7019.6,29580.93670669
1523188137.9305952,7018.4,29580.62542864
1523188146.1902728,7019.5,29580.51264587
1523188154.024672,7020.7,29580.71323124
1523188162.1745043,7022,29580.7100089
1523188170.3459587,7025.8,29581.16882004
1523188178.7355063,7025.4,29581.28762004
1523188185.945881,7024.3,29581.3979093
1523188194.735341,7024.3,29581.4101193
1523188201.9668376,7025.6,29581.48316643
1523188210.511253,7025.9,29583.30991206
1523188217.984702,7024.3,29584.40225455
1523188226.106517,7024,29584.20136531
1523188233.938841,7024,29584.57983123
1523188242.6289241,7024,29584.92503123
1523188249.9819627,7024,29585.43105896
1523188258.5056858,7024,29585.65185896
1523188274.4544768,7024,29583.43366691
1523188282.0070693,7024,29589.15046691
1523188290.5294607,7024,29595.16655537
1523188298.2133756,7024,29603.09800242
1523188314.241859,7029.1,29673.15952829
1523188323.1233304,7029.1,29673.36255848
1523188330.2418027,7031.5,29674.73803647
1523188338.3285282,7031.5,29668.20182014
1523188346.1835787,7030.2,29669.40249793
1523188354.1886787,7037.2,29707.13285469
1523188370.364891,7037.2,29702.1616485
1523188378.1155066,7037.9,29719.42376724
1523188386.2958953,7039.9,29740.68143093
1523188394.6309986,7041.1,29772.90093217
1523188402.2321305,7040.2,29780.57871132
1523188410.3167717,7040.7,29795.93084815
1523188418.2575684,7045,29799.67622822
1523188426.097902,7045,29803.35782822
1523188434.2215235,7040.6,29808.70156843
1523188442.0413086,7038.9,29811.00456843
1523188450.6250317,7038,29812.5067236
1523188466.637435,7039,29813.0365077
1523188474.1414094,7039.3,29813.2365077
1523188482.886346,7038.6,29814.96899248
1523188490.699278,7038.2,29815.07199248
1523188498.4993103,7038.1,29820.41166148
1523188506.2126355,7037.3,29824.92011167
1523188514.1551433,7035,29830.96157426
1523188522.2927809,7034,29831.03792373
1523188530.5168202,7032.8,29831.14668583
1523188538.2028937,7032.9,29831.44668583
1523188546.439572,7032.9,29831.52132365
1523188562.6592138,7035.9,29839.29632243
1523188570.0843368,7035,29839.49787189
1523188578.5705354,7035,29839.69787189
1523188602.2578683,7035.1,29839.524592
1523188610.6082711,7037.8,29839.82454672
1523188626.7740545,7037.6,29839.63720016
1523188634.1663527,7039.9,29839.13186016
1523188642.206227,7039.9,29844.8560332
1523188650.5357451,7043.9,29844.95613192
1523188658.9120753,7045,29856.36868348
1523188666.0695958,7046.8,29856.29903355
1523188674.8117685,7046.8,29854.30211567
1523188681.9497995,7049.7,29895.2716703
1523188691.2099867,7050,29952.34144155
1523188698.084521,7052.3,30008.01541107
1523188706.9047058,7065,30018.12514477
1523188714.0401824,7065,30031.87798046
1523188722.65523,7065,30033.48197996
1523188730.0803547,7067.9,30056.29035181
1523188746.043547,7071.9,30071.40316652
1523188755.0656116,7100.2,30619.03056801
1523188762.078903,7100.1,30738.23431193
1523188770.9674838,7102.1,30860.24471518
1523188778.3219855,7112.1,30894.45780557
1523188786.1544642,7105.5,30927.03826944
1523188794.2057648,7104.3,30939.88520708
1523188803.263823,7104.5,30975.44892801
1523188810.5846958,7114.8,31011.47326853
1523188818.6404407,7109,30999.21996482
1523188826.1810048,7108.1,31002.3520948
1523188834.9425213,7100.1,31046.04444096
1523188842.2962985,7098,31089.78315028
1523188850.9354715,7087,31113.3499266
1523188858.5298417,7082.6,31125.34958109
1523188866.1590667,7081.1,31130.91096704
1523188874.0285914,7082.7,31133.29027342
1523188882.6498682,7082.9,31133.84276537
1523188890.8047507,7089.9,31135.65034289
1523188898.7882884,7089.8,31143.55946456
1523188907.0778313,7090.1,31150.72947688
1523188914.7791216,7093.4,31154.57277671
1523188922.3190343,7091,31145.98450557
1523188930.196187,7090.2,31139.57133465
1523188938.054324,7090.2,31138.95162255
1523188946.2948701,7090.1,31164.60555163
1523188954.4500985,7090,31166.9889977
1523188962.0672941,7085,31190.88184817
1523188970.1545334,7085,31189.14859795
1523188978.9852436,7077,31196.07746586
1523188986.0491722,7076,31200.23509824
1523188994.1150994,7070,31206.76789475
1523189026.4806962,7070,31212.87039056
1523189034.454391,7067.3,31211.42131161
1523189042.7168376,7069.1,31224.63347086
1523189050.0390768,7070.9,31224.8722388
1523189066.949292,7070.2,31258.26466245
1523189074.7718365,7074.5,31263.12810311
1523189082.50832,7078.3,31264.33507302
1523189090.564836,7079.4,31264.43796975
1523189098.2033248,7073.1,31266.37583973
1523189106.0139763,7072.9,31269.84275191
1523189114.0914981,7076.9,31260.07918631
1523189122.660113,7075.1,31265.35483789
1523189130.4474893,7075,31271.65269377
1523189138.1418507,7072,31288.21363899
1523189146.8449116,7070,31296.53307313
1523189154.9148042,7069.7,31306.80743132
1523189162.500733,7067.6,31321.81743456
1523189170.033224,7065.6,31331.21345917
1523189178.7027106,7064,31332.91099396
1523189186.2146084,7062.1,31335.32762037
1523189194.5577815,7061,31335.26455524
1523189202.3236876,7061,31343.91468258
1523189210.731546,7071.9,31347.46834636
1523189218.842568,7071.9,31357.6180087
1523189226.2066252,7069.8,31359.56659526
1523189234.0381997,7068,31360.8853637
1523189242.129061,7068.9,31367.4300621
1523189250.5480506,7076.2,31369.72432693
1523189258.6220663,7079,31687.04728036
1523189266.5408814,7075.1,31688.53771133
1523189274.4603865,7073,31690.27165208
1523189283.0187566,7075,31689.79605295
1523189290.0525765,7075.9,31691.28480838
1523189297.9708936,7076,31692.92186289
1523189306.175144,7076.1,31695.63544196
1523189314.0790918,7076.3,31695.73544196
1523189322.8514,7076.1,31696.02367181
1523189330.748927,7072.3,31696.58459903
1523189338.5799341,7073.1,31696.86599644
1523189354.523798,7073.4,31697.23633908
1523189362.4181337,7074.9,31697.15815543
1523189387.2646441,7073.1,31710.48929455
1523189394.0242991,7075.1,31718.88311042
1523189402.216267,7075.5,31728.84803369
1523189410.364921,7075.1,31731.45573772
1523189418.8932242,7075,31731.12927397
1523189426.189879,7076.1,31735.7307528
1523189434.3047996,7076.9,31735.78447096
1523189442.0231342,7083.2,31758.09463436
1523189450.0403886,7086.1,31760.04812147
1523189458.908349,7091.4,31789.34758098
1523189466.9867663,7097.1,31812.96611919
1523189474.4196947,7096.8,31819.60392446
1523189482.177017,7087.4,31821.67032106
1523189490.8200753,7081.1,31830.33011468
1523189498.6193144,7084.9,31853.95860364
1523189514.2092347,7084.9,31855.65482753
1523189522.5956326,7086.7,31857.47821909
1523189531.3572254,7093.1,31869.73071104
1523189538.1636436,7094.9,31866.34485186
1523189546.556313,7095.9,31839.24590973
1523189555.0903122,7096.6,31821.53584397
1523189562.1719604,7096.6,31819.03104211
1523189579.0215468,7096.6,31803.72140554
1523189586.379228,7096.6,31804.80268836
1523189594.2124183,7096.6,31803.57488143
1523189610.065251,7096.6,31800.23601283
1523189618.2185822,7096.4,31824.88085015
1523189626.1115978,7096.4,31826.07528897
1523189634.3702705,7096.4,31831.34380825
1523189642.600231,7096.4,31808.47553523
1523189650.8254375,7095,31807.60809762
1523189658.8815746,7088.3,31811.70462793
1523189666.0901165,7088.7,31796.66158124
1523189674.1702945,7088.2,31794.893474
1523189690.914485,7088.2,31800.22158027
1523189698.7021513,7088.2,31802.25143107
1523189722.0751696,7088.2,31823.30049204
1523189730.5924833,7094.2,31825.32063543
1523189738.1869786,7092.6,31827.91691799
1523189746.4814482,7092.9,31828.48281318
1523189754.5948477,7092.4,31828.56055913
1523189763.1298661,7093.7,31829.21279227
1523189770.8205628,7093.9,31829.58169334
1523189778.307751,7093.2,31829.66092167
1523189786.075501,7093.3,31833.0015513
1523189794.123822,7091.9,31833.1215513
1523189802.769229,7092,31832.13390547
1523189810.224688,7092,31836.36018566
1523189818.7355838,7087.8,31836.77050886
1523189834.6374838,7084.9,31838.97810605
1523189850.113637,7084.9,31836.52995761
1523189857.9189115,7084.9,31833.57424705
1523189882.68295,7084.9,31830.32754741
1523189930.724586,7090.6,31840.95203249
1523189938.0472555,7090.9,31840.87384247
1523189947.0925007,7090.9,31840.08261416
1523189954.0268006,7090.9,31838.71217635
1523189962.2528927,7092,31846.36762109
1523189970.1945214,7096.6,31849.51525123
1523189978.293553,7100,31861.25295996
1523189994.6309657,7106.9,31870.77006356
1523190010.3171692,7106.9,31877.11094624
1523190017.95634,7105,31877.63930877
1523190026.16869,7102,31877.39152198
1523190034.3775713,7100,31880.71623369
1523190042.182837,7100.3,31883.76527521
1523190050.1010861,7101.2,31883.89107521
1523190058.6656663,7102.7,31886.07013246
1523190066.618843,7102.8,31888.19340257
1523190074.2845762,7102.8,31884.96787374
1523190082.9419749,7103.1,31884.34864794
1523190090.068265,7106.3,31886.70808142
1523190098.7297254,7106.2,31884.1543734
1523190122.8789027,7100.3,31883.84626554
1523190130.3317435,7102.1,31879.85153763
1523190138.649737,7102.6,31882.79423763
1523190145.9895997,7102.1,31879.04265484
1523190154.6625724,7104.6,31879.8173637
1523190162.0655594,7102,31880.6422637
1523190170.6815138,7101.8,31881.80450056
1523190177.9386003,7101.7,31882.07416383
1523190187.2241917,7101.8,31884.75878383
1523190193.985583,7101.8,31889.7623032
1523190202.2253642,7101.7,31897.17176292
1523190218.1912265,7097,31945.98519471
1523190226.7556698,7089,31949.64829471
1523190234.6859167,7085.2,31955.46548863
1523190242.7395983,7086.5,31962.33717196
1523190250.1134255,7087.9,31962.5425101
1523190258.235592,7087.9,31964.67523564
1523190267.074248,7090.1,31974.02440524
1523190274.0971897,7091.6,31974.02141381
1523190282.1039052,7091.6,31975.19240168
1523190290.0545588,7092,31975.81917821
1523190298.778399,7089.5,31975.85994804
1523190306.2433054,7088.4,31975.04572732
1523190314.8432486,7090.4,31977.63662409
1523190322.9957225,7090,31977.61662409
1523190330.7467983,7090,31979.11662409
1523190338.0655007,7090.1,31979.21902409
1523190346.7787807,7090.9,31982.44614183
1523190362.5863163,7098.7,31993.05519312
1523190370.3870366,7099.2,31993.75094067
1523190378.104057,7098.2,31995.18926565
1523190386.5438187,7096.8,31994.68393201
1523190394.161602,7096.5,31994.66393201
1523190402.2550583,7096.9,31992.71533201
1523190410.8219612,7097.9,31992.42335893
1523190418.6896183,7097.9,31991.97628855
1523190426.846449,7097.9,31986.69687509
1523190442.6958156,7098,31981.67394268
1523190450.2368975,7099.8,31983.37004015
1523190458.0748713,7099.8,31983.58097017
1523190465.9756448,7099.9,31984.27513019
1523190474.2464964,7100.4,31985.4080564
1523190482.5828078,7102.2,31989.78977321
1523190490.2404354,7102.5,31990.21727851
1523190498.7405605,7102.1,31990.66793461
1523190506.6392374,7098.1,31994.42512536
1523190514.7147067,7090.8,32101.31512536
1523190522.5727406,7090,32101.88828189
1523190530.053,7090.3,32104.34706427
1523190538.854574,7090,32151.32757933
1523190546.0599568,7090.5,32151.49768193
1523190554.9607675,7094,32152.28712701
1523190562.1417122,7095.4,32152.16712701
1523190570.6022956,7098.2,32162.36343001
1523190578.2870734,7099.1,32162.70507502
1523190586.7785814,7100.6,32163.35253473
1523190594.1443822,7100.8,32163.32175671
1523190602.240513,7099,32165.6423276
1523190610.103666,7099.3,32165.67438839
1523190618.125562,7100,32166.35438839
1523190626.267388,7099.3,32166.35438839
1523190634.771444,7099.6,32166.199302
1523190642.062339,7099.5,32169.59487288
1523190650.5270643,7099.4,32194.79487288
1523190658.0825756,7099.4,32205.53795823
1523190666.0613246,7099.8,32204.54295823
1523190674.6963472,7099.6,32209.74122987
1523190682.0380936,7098,32209.75313783
1523190690.6126044,7098.3,32209.83052433
1523190699.029873,7098.3,32209.67561137
1523190706.6593733,7094,32220.96418075
1523190714.1811593,7092.9,32224.09218075
1523190738.1582198,7092.9,32220.81641514
1523190746.3153214,7090.7,32242.82549964
1523190754.165268,7092.3,32243.04687396
1523190762.3702602,7092.8,32246.18878939
1523190770.2556973,7092.9,32246.19276229
1523190786.1455197,7092.9,32255.93588836
1523190794.726644,7092.9,32257.9892802
1523190802.459045,7091,32258.6852802
1523190810.5715246,7092,32258.95461413
1523190819.039274,7090,32259.45461413
1523190826.9239738,7090.1,32280.58282413
1523190834.348513,7092,32283.52646681
1523190842.7817416,7092,32283.79672955
1523190850.3567896,7093,32285.38293229
1523190858.6505144,7092,32285.72034709
1523190866.25768,7092,32285.70064381
1523190874.2199814,7091.1,32289.80767658
1523190882.6654193,7090,32295.61693857
1523190890.1086457,7090,32301.43910263
1523190899.20426,7091.6,32301.20956724
1523190906.1676369,7092.6,32302.74047209
1523190914.01456,7092.7,32302.78034433
1523190922.4867947,7092,32303.33617939
1523190930.0816302,7090.3,32302.81966191
1523190938.5788975,7090.3,32302.81966191
1523190947.4004903,7094,32319.961071
1523190954.1116548,7092.1,32320.50952801
1523190962.799249,7090.9,32319.66517834
1523190969.9519143,7090.9,32318.534497
1523190978.4835193,7092.1,32319.91683355
1523190986.737498,7093.6,32316.67109889
1523190994.244744,7093.6,32317.06093565
1523191002.218904,7094.4,32316.89069293
1523191010.2036066,7093.1,32316.97136329
1523191018.511279,7092.7,32316.58541196
1523191034.2037542,7091,32316.35649967
1523191043.0087261,7090,32317.94249967
1523191050.0233684,7090.1,32319.92929967
1523191058.6867304,7090,32324.93890928
1523191066.03155,7090,32324.17799752
1523191090.3296225,7090,32328.90029686
1523191098.4916444,7090,32329.00449255
1523191106.9444406,7090,32334.35706217
1523191138.4101298,7090,32353.44832289
1523191146.2723475,7086,32390.3244609
1523191154.0184753,7079.9,32403.53769352
1523191162.0858345,7078,32404.25769352
1523191170.1900516,7073.2,32473.96844028
1523191177.9807076,7073.9,32476.96731453
1523191186.8843815,7073.2,32480.1114057
1523191202.144823,7073.9,32481.66034475
1523191234.1111405,7079.9,32487.18502297
1523191242.0449057,7083.1,32487.79452297
1523191250.2399673,7076.8,32487.59236714
1523191258.09228,7083.4,32488.66492306
1523191266.6228387,7082.1,32489.16492306
1523191274.375825,7082.7,32489.71641613
1523191282.2160482,7083.3,32491.38641613
1523191290.1348934,7083.4,32493.08641613
1523191299.3744285,7083.4,32494.89485833
1523191306.1068652,7083.4,32504.12971789
1523191315.0991797,7080.1,32504.12971789
1523191322.2371821,7082.9,32503.88542623
1523191330.8367283,7081.1,32495.46413897
1523191338.0650523,7081,32495.91162333
1523191346.2569876,7080,32495.96416241
1523191354.4500332,7080,32494.37004241
1523191362.1201591,7080,32493.62004241
1523191370.7225263,7080,32492.28261282
1523191402.9895098,7080.1,32495.55842802
1523191418.213083,7080.1,32495.75902802
1523191450.5149317,7081,32499.19097112
1523191458.104933,7083.4,32499.09097112
1523191467.096208,7083.4,32496.08145492
1523191482.9029613,7082.8,32501.74241143
1523191490.4856813,7083.1,32497.81241143
1523191498.3562744,7083.1,32501.21051975
1523191506.718615,7082.8,32501.82863487
1523191514.1945918,7081.2,32501.97439978
1523191522.6394348,7081.2,32508.54915654
1523191530.1877925,7081.1,32513.19675654
1523191538.8422008,7081.3,32516.42035654
1523191546.05316,7082.8,32520.04316154
1523191555.2339737,7081,32526.40940335
1523191562.1514862,7080.1,32526.9627327
1523191570.7512681,7080,32579.803523
1523191578.0322115,7080,32585.0065
1523191586.6813698,7080,32584.93307828
1523191594.4147575,7080,32589.92800901
1523191610.150713,7080,32623.77803513
1523191618.095486,7074.1,32622.18092162
1523191626.5108922,7074.1,32622.48092162
1523191642.1698735,7074,32604.16153111
1523191674.82524,7073.2,32601.80180801
1523191683.0317032,7073,32600.88099069
1523191690.9266622,7073,32601.76853249
1523191706.078942,7074.7,32597.9433641
1523191714.6463194,7076.8,32594.4433641
1523191722.1611085,7076.5,32594.4852652
1523191730.7243228,7076.2,32594.56738296
1523191738.2304783,7076,32594.22121098
1523191746.7044475,7076.6,32594.22121098
1523191754.0537453,7077,32594.22248028
1523191762.8608558,7077.1,32594.28602367
1523191769.9749992,7078.2,32594.31012367
1523191794.1835883,7077.5,32593.26041174
1523191802.202589,7077.8,32593.87870738
1523191810.8302221,7077.8,32591.14009754
1523191818.752389,7077,32590.46943348
1523191827.6544428,7077,32590.56943348
1523191866.1630008,7073,32599.75385034
1523191874.0568194,7072,32599.06503792
1523191882.1685574,7072,32601.29109757
1523191890.6007965,7072.4,32599.92006524
1523191914.6026623,7072.5,32593.42092402
1523191922.2988768,7072,32593.64972402
1523191930.3086743,7072,32593.75877156
1523191946.3741233,7072,32595.08450638
1523191954.4602985,7073.2,32599.30506738
1523191962.270633,7072,32619.46128647
1523191970.0570827,7072.1,32619.6365697
1523191978.1858196,7072.1,32619.3365697
1523191986.6503825,7072.6,32619.8082697
1523191994.424706,7072.6,32603.51520563
1523192002.6375546,7072.6,32603.69674308
1523192010.507072,7072.6,32603.17023304
1523192018.2304802,7072.7,32603.27023304
1523192026.2210512,7072.1,32618.37887913
1523192034.451548,7072.1,32618.37844636
1523192042.7996967,7072.6,32618.64675014
1523192050.4575663,7072.6,32618.70811511
1523192058.9341092,7075.8,32623.8412269
1523192066.7718244,7074.6,32623.8789301
1523192074.0515876,7074.6,32623.7789301
1523192082.229824,7078.4,32624.81207498
1523192090.2538037,7078.4,32625.32207498
1523192114.6903915,7075.3,32624.67408578
1523192122.058438,7078.4,32624.87483014
1523192130.3932884,7078.4,32624.72483014
1523192146.1400855,7079.7,32624.73496093
1523192154.467987,7082.4,32625.17768987
1523192162.1869614,7083.6,32585.23666003
1523192170.0230618,7084.4,32584.88277843
1523192178.3029454,7084.6,32578.71277843
1523192186.5459316,7084.7,32578.45008648
1523192194.1174476,7084.9,32578.42808648
1523192218.7470002,7084.9,32577.6895584
1523192250.6096263,7084.9,32575.71312705
1523192266.9079947,7084.9,32571.89975303
1523192274.3121667,7082.5,32571.94975303
1523192282.155332,7082.1,32572.14975303
1523192290.0801444,7083.1,32572.16975303
1523192314.5125544,7083.1,32575.85041744
1523192322.517269,7081,32575.84024649
1523192330.2266223,7081,32575.84024649
1523192338.0256834,7081,32576.07847379
1523192346.6215985,7081.1,32575.71370092
1523192354.0543447,7081.2,32574.81531633
1523192362.2069764,7081.3,32576.33493224
1523192370.9161532,7081,32582.4804253
1523192378.2760851,7081,32585.7654253
1523192386.1742873,7081.1,32585.7654253
1523192403.0649798,7081,32588.52388805
1523192410.2780626,7082,32588.13148811
1523192418.6652694,7082.1,32585.72104311
1523192426.1115754,7082.4,32583.48309208
1523192434.6290889,7082.5,32584.03426191
1523192442.0706499,7082.6,32586.80778323
1523192482.9186049,7082.6,32580.25154332
1523192489.9430997,7082.6,32582.17408407
1523192498.66062,7082.6,32580.80005407
1523192506.1875186,7082.6,32581.52517592
1523192514.1572657,7082.6,32697.09010379
1523192522.7355144,7082.6,32687.03579941
1523192530.5522795,7082.6,32686.10570096
1523192554.3463962,7080.5,32687.45945579
1523192562.0855978,7081,32688.57046049
1523192570.9873226,7081.8,32601.89732956
1523192578.353067,7082.2,32586.87096727
1523192586.1139731,7082.1,32587.02847229
1523192594.3603804,7081.1,32587.05202999
1523192602.415712,7081,32587.03202999
1523192610.4732897,7080,32587.28509484
1523192618.2266865,7079.9,32587.79174954
1523192627.1346939,7080.5,32588.05989703
1523192634.1575084,7080.5,32588.45056901
1523192642.5417495,7079,32588.66956401
1523192650.5955446,7080.4,32588.68756401
1523192658.4376338,7080.7,32588.68756401
1523192666.2408206,7080,32589.25756401
1523192674.8188963,7080.1,32589.41263723
1523192682.073969,7080.1,32589.41263723
1523192698.638612,7080.1,32574.21989326
1523192706.0109847,7081.1,32570.91989326
1523192714.0472329,7081.1,32570.33530647
1523192722.3884618,7080.2,32577.36888858
1523192730.5777793,7079.8,32591.47507819
1523192738.061082,7079.8,32591.80821049
1523192746.3414948,7079.8,32591.92421049
1523192762.6500516,7078.9,32593.89516693
1523192770.2658496,7076.8,32590.75948643
1523192778.8566637,7074.4,32591.66072143
1523192786.7884204,7075.1,32591.00271418
1523192794.5157607,7073.4,32589.29458831
1523192802.4785674,7075.3,32589.85358831
1523192810.21082,7075.3,32585.96255564
1523192818.1334755,7076.7,32585.98462174
1523192826.851685,7076,32586.45579292
1523192833.999422,7077.4,32582.23211799
1523192842.5274122,7075,32582.54211799
1523192850.7356873,7075,32583.07925723
1523192858.408446,7075,32583.47925723
1523192866.0466297,7075,32583.55665723
1523192874.1276639,7075,32583.57665723
1523192882.360347,7075,32584.38367463
1523192890.2196426,7073.5,32584.28567463
1523192898.5670717,7073,32584.24805243
1523192906.0110817,7073.4,32584.29469744
1523192914.9510617,7073.1,32580.18667846
1523192922.278463,7073.4,32580.18871033
1523192930.066766,7072,32583.28771032
1523192938.8403413,7072.1,32583.29071032
1523192946.2714937,7072,32588.35871032
1523192954.501019,7072.1,32584.81721502
1523192962.1896524,7073.9,32585.19469133
1523192971.0428197,7073.9,32585.14518028
1523192978.1979089,7073.7,32585.45378441
1523192986.6820729,7073,32585.72116783
1523192994.3755076,7073,32585.40863825
1523193002.650454,7073,32585.90863825
1523193010.7530313,7074.1,32586.50250602
1523193019.098517,7074.1,32580.59957399
1523193026.248903,7074,32581.07315252
1523193034.2188504,7073.6,32578.99915252
1523193042.632153,7072,32580.07034525
1523193050.232164,7072,32579.88751268
1523193066.183071,7072,32579.02794508
1523193074.5422935,7072.5,32579.71001315
1523193082.1899467,7072.5,32584.69142677
1523193090.8323324,7072.5,32584.59142677
1523193098.6502302,7072.5,32584.46877741
1523193106.6160662,7072.5,32584.86629886
1523193131.1188514,7072.5,32579.65132552
1523193139.105338,7072.7,32579.65132552
1523193155.0673997,7072.5,32579.91017178
1523193162.6747825,7072,32580.54753163
1523193170.2821171,7066.3,32599.11010506
1523193178.2186563,7066.3,32598.37852155
1523193186.4815886,7063,32606.2717971
1523193194.1922743,7061.1,32625.07795087
1523193202.1917288,7061.2,32626.60795087
1523193210.0796728,7061.1,32626.60795087
1523193218.2776206,7061.2,32626.56489087
1523193234.2243586,7061.2,32624.96897556
1523193242.199193,7061.2,32623.23187696
1523193250.1461687,7061.2,32623.1358839
1523193274.7103758,7061.2,32613.02010498
1523193282.010035,7065.8,32612.99810498
1523193290.6175103,7065.8,32613.12313725
1523193306.6905732,7066.9,32623.7369347
1523193314.3951097,7068.9,32624.57392375
1523193322.8205266,7068.9,32625.43192375
1523193330.6546497,7066.9,32625.59788125
1523193338.616085,7064,32626.79990378
1523193346.4599674,7063,32627.03443834
1523193402.1340306,7063,32629.8298352
1523193410.6439874,7062.3,32632.52471345
1523193418.5510633,7062.3,32631.04481388
1523193458.0636134,7062.3,32612.61918805
1523193466.629414,7062.3,32611.53718787
1523193475.3628993,7062.1,32609.19418337
1523193482.1016538,7062.2,32609.20773412
1523193490.430054,7062.2,32570.96771412
1523193498.1692212,7062,32571.09411181
1523193506.9143255,7062,32570.56243429
1523193522.0678294,7060,32590.55936554
1523193530.4423778,7059.9,32599.80936554
1523193546.2209754,7059.9,32610.16615244
1523193554.001297,7059.9,32609.38551363
1523193561.9586048,7058.5,32609.01534025
1523193570.4793818,7058.1,32609.68957895
1523193578.0701294,7058,32609.68182952
1523193586.2634132,7057.9,32610.52268099
1523193602.1073916,7056.9,32612.36660969
1523193610.7242818,7053.3,32617.87715549
1523193618.8061466,7053.8,32618.96208525
1523193626.4907143,7054.1,32619.01596418
1523193634.0874782,7054.6,32619.19069895
1523193642.5090582,7054.9,32616.62332369
1523193690.7983358,7054.9,32613.48351845
1523193722.3486598,7054.9,32613.63351387
1523193746.8631878,7054.9,32615.28881804
1523193762.3667147,7054.9,32616.6915384
1523193778.5622165,7054.9,32606.8199774
1523193786.5895953,7054.9,32606.7679774
1523193794.014778,7056.9,32608.39258024
1523193802.748573,7057.1,32603.21061546
1523193810.1292806,7057.4,32603.59983946
1523193818.2432482,7057.3,32604.22300076
1523193826.159117,7058.3,32606.39264003
1523193842.3963246,7059.1,32609.19084303
1523193850.645006,7059.1,32607.03383412
1523193858.807406,7060.4,32607.85562462
1523193866.4263313,7060.5,32607.99002184
1523193906.8173428,7058.3,32609.10049704
1523193914.5109096,7059.2,32609.42543951
1523193922.0554273,7058.8,32610.61967093
1523193930.1854315,7058.3,32610.75106316
1523193946.1764045,7058.3,32611.959085
1523193954.1269498,7058.3,32612.09100688
1523193962.2583473,7057.4,32613.09669518
1523193970.5733185,7057.5,32622.89840984
1523193978.206926,7057.6,32621.06785179
1523193986.4776995,7058.7,32620.53436179
1523193994.5457673,7059.9,32618.26636179
1523194002.5773947,7059.9,32618.28536179
1523194010.3399992,7059.9,32618.35241052
1523194018.7612512,7060.5,32621.66741052
1523194026.5538247,7065,32619.88013798
1523194034.6957128,7066.1,32625.04451268
1523194042.7052228,7063.4,32627.75716746
1523194050.0893984,7062.2,32637.82286368
1523194066.7517142,7062.2,32638.43776976
1523194082.5957203,7062,32638.97867899
1523194106.469392,7062,32589.5998158
1523194138.0640097,7062,32590.99279349
1523194162.5240886,7062,32592.51421363
1523194170.041934,7064.1,32596.61279674
1523194178.3736093,7064.1,32597.22513188
1523194185.9933105,7064,32597.62065711
1523194194.4714181,7064,32599.1421473
1523194202.3576505,7064,32599.16897678
1523194211.2359977,7064,32599.11799134
1523194218.0119994,7064,32599.4601925
1523194250.1995888,7064,32601.3801925
1523194258.520479,7064,32601.2822925
1523194306.1035936,7064,32603.04497836
1523194322.1571188,7064,32603.37401136
1523194330.3045862,7064,32604.23440384
1523194338.849146,7066.9,32604.23440384
1523194346.3340976,7066.9,32604.32829138
1523194370.280741,7070.9,32606.23694326
1523194386.6583073,7072,32606.83694326
1523194394.5527592,7072.5,32608.20756598
1523194402.5587466,7075.1,32621.87406713
1523194410.4892213,7076.3,32621.73778734
1523194426.5052412,7076.3,32571.62884253
1523194449.9806564,7076.3,32550.56775133
1523194458.5580833,7076,32550.49665031
1523194466.0910013,7076,32509.0087407
1523194474.7577975,7076,32505.78392723
1523194482.0882962,7073.2,32496.12430387
1523194490.30038,7073.2,32484.10943996
1523194498.6769469,7073.2,32447.57110686
1523194506.7884314,7071.6,32435.38025725
1523194514.3649008,7072,32434.17391071
1523194522.668588,7072,32433.8955674
1523194530.0778742,7071,32430.68053746
1523194538.1268222,7074,32431.09383746
1523194545.9404244,7074.8,32431.16953746
1523194570.6007004,7073,32423.71350708
1523194577.9128501,7072.6,32423.47852444
1523194586.755529,7071.9,32423.36280483
1523194593.9625354,7071.8,32422.87721424
1523194602.6209106,7071.3,32423.059272
1523194610.4440072,7071.5,32423.97699258
1523194618.1411688,7071,32425.15416255
1523194626.218744,7071,32425.27855171
1523194634.9491098,7071.8,32425.27855171
1523194642.1399062,7071,32425.27855171
1523194650.1583278,7071.9,32425.6110903
1523194658.2451317,7071.9,32429.41117546
1523194666.3654993,7071,32428.94420132
1523194674.0862558,7070.7,32425.93240023
1523194691.1237643,7068.5,32427.21770376
1523194698.9290905,7068,32432.72670375
1523194706.0369825,7068.6,32433.7464689
1523194714.8006444,7067.6,32436.39754248
1523194722.8798044,7065.8,32435.50740168
1523194730.4956985,7066.5,32435.47664704
1523194738.1754246,7064.2,32429.34478671
1523194747.170098,7064.3,32429.61999075
1523194755.0435894,7065.8,32429.21992291
1523194762.6992998,7064.3,32429.09926667
1523194771.1553593,7064.3,32428.98852644
1523194778.882874,7064.9,32428.253331
1523194786.5178103,7065,32425.12700087
1523194794.076612,7064.8,32425.17741733
1523194803.2674,7062.7,32446.95066992
1523194810.3419971,7062.7,32447.91728946
1523194818.702058,7063.8,32448.14619858
1523194826.7518237,7060,32448.44707082
1523194834.088132,7060,32448.79655419
1523194842.1441798,7060.6,32448.76212664
1523194850.4245846,7060.6,32448.86212664
1523194866.4569354,7060.1,32447.70659626
1523194882.8928053,7059,32473.23805609
1523194906.3290305,7056,32455.60047714
1523194914.6384368,7057.3,32461.39725847
1523194922.1366913,7060.9,32461.73925847
1523194946.5498729,7060.9,32459.509417
1523194954.9735162,7060,32458.99881453
1523194970.2274866,7061.9,32464.43106051
1523194978.5275922,7058.8,32457.19906051
1523194986.3446016,7056.5,32457.40481793
1523194994.3789606,7056.4,32455.20803064
1523195002.8914752,7059,32455.62291361
1523195010.6662154,7056.3,32453.60345933
1523195018.7555323,7056.3,32453.9269942
1523195026.1643102,7057.5,32453.9469942
1523195034.4989407,7058.2,32449.07459069
1523195042.2467532,7056,32442.17459069
1523195050.2002525,7055.1,32443.09158108
1523195058.8953698,7057.1,32438.91135504
1523195066.6638026,7057.9,32437.43735787
1523195090.7143986,7057.9,32432.51425915
1523195100.5661998,7056.2,32432.05812934
1523195106.6981514,7056.5,32414.40192065
1523195114.1977892,7056.9,32364.71605573
1523195122.061047,7057.2,32364.83342752
1523195130.107314,7056.9,32361.83140053
1523195138.1609712,7056.9,32352.97919794
1523195146.5573277,7057.8,32348.50366382
1523195154.8482003,7057.8,32350.5681371
1523195170.142598,7060,32330.03081776
1523195178.1736188,7060,32338.68470797
1523195194.106816,7060,32316.14059543
1523195210.520433,7060,32319.95161434
1523195218.0741577,7062,32303.52903304
1523195227.0411067,7065,32310.25246715
1523195234.1944733,7063,32301.72119703
1523195242.8360243,7063.1,32301.35176949
1523195250.209436,7061.4,32286.43288219
1523195258.3019843,7063,32184.12927007
1523195266.9820428,7063.1,32175.0331846
1523195274.175344,7063,32148.31082243
1523195282.3401794,7062.2,32019.17852942
1523195290.518976,7062.1,32005.67406011
1523195298.9308746,7062,31916.56523276
1523195306.3870604,7062,31881.13735277
1523195322.5587358,7063,31789.08461183
1523195330.0027015,7063,31778.48185556
1523195338.566364,7063.1,31749.81683228
1523195346.7293873,7063.1,31737.21051815
1523195354.5654166,7063,31730.30700247
1523195362.0693374,7063,31715.81030108
1523195370.6376264,7063,31702.78256867
1523195378.1745324,7063,31679.7690559
1523195386.5600755,7063,31673.27311232
1523195394.7654765,7063.1,31663.2233455
1523195410.256368,7063,31652.29436674
1523195418.8624358,7063,31649.70794001
1523195442.1613383,7063,31633.52364818
1523195458.1547315,7063.3,31632.73352028
1523195466.3823493,7063.4,31628.66091855
1523195474.226116,7063.4,31619.60065374
1523195489.9564474,7063.4,31617.92426115
1523195498.858769,7064,31615.55754814
1523195506.5865939,7063,31616.86901578
1523195514.3106377,7063.3,31614.81024622
1523195530.844098,7063.8,31613.80245465
1523195546.8036098,7063.9,31608.77003259
1523195570.4866831,7064,31606.71753014
1523195578.573579,7064.3,31600.20266069
1523195586.4050777,7064.9,31596.15777545
1523195602.4859803,7064.9,31594.0989903
1523195610.4876416,7064.9,31593.84085308
1523195618.2503552,7069.6,31600.17028336
1523195626.818285,7069.6,31598.61790152
1523195634.3480575,7068,31581.9315657
1523195642.6252842,7068,31545.47377566
1523195650.3437686,7065.2,31485.36763321
1523195658.5893345,7067.4,31452.66612472
1523195666.2406344,7066.9,31388.39769841
1523195674.4402971,7065.8,31374.76091322
1523195681.9873974,7067.4,31347.51290213
1523195690.1482906,7067.4,31311.20201459
1523195698.614003,7070,31286.90691477
1523195706.6538935,7070,31255.11960751
1523195714.490198,7070,31238.32035117
1523195722.024921,7070,31238.95829225
1523195730.499547,7070.3,31230.76669358
1523195737.9902406,7071.1,31230.85504458
1523195746.6891117,7071,31239.21271122
1523195754.8841357,7071.5,31236.40983874
1523195762.6506267,7071,31229.98733445
1523195770.6028895,7070.4,31227.16556807
1523195802.0114045,7070.5,31268.50571304
1523195810.5059536,7070.4,31264.38338151
1523195842.3105423,7064.2,31288.87342634
1523195850.0104547,7063,31289.98100077
1523195858.348167,7060.9,31288.93063399
1523195865.9877949,7060.9,31294.36105984
1523195874.4404151,7060.9,31278.8856978
1523195890.3966737,7060.9,31255.88798868
1523195906.7919571,7060.9,31234.17861086
1523195914.8763826,7060.1,31228.64721721
1523195930.075008,7060.1,31221.27952005
1523195939.0922182,7060,31222.28398256
1523195946.043036,7059,31218.00001338
1523195970.1345882,7058.4,31205.49168086
1523195978.1034532,7058.4,31202.23378468
1523195986.544261,7058.3,31202.43516648
1523195993.9862869,7058.3,31201.58554208
1523196002.614123,7057,31199.89382943
1523196010.629531,7055,31218.5875889
1523196018.5672019,7057,31203.09990951
1523196026.0461614,7058.3,31205.16828052
1523196035.3821313,7059.9,31203.36866965
1523196050.146671,7059.9,31199.08184065
1523196066.704678,7059.9,31203.37018565
1523196074.1692212,7063.2,31196.65265207
1523196091.0490503,7062.6,31200.53325999
1523196114.0227344,7062.1,31206.50768753
1523196122.5505948,7064.6,31201.05875612
1523196130.1855695,7065.3,31197.79275612
1523196138.1879797,7062.4,31190.17819825
1523196154.8418372,7062.4,31183.15709918
1523196170.0721025,7065.2,31165.317823
1523196178.035299,7066.3,31153.8448412
1523196186.1356604,7065.5,31136.24359985
1523196193.9894166,7066.4,31117.99568293
1523196202.5352638,7065.5,31099.35215518
1523196211.4682686,7066.8,31084.14732731
1523196218.268716,7066.9,31082.04732731
1523196226.9658349,7065.1,31070.83081139
1523196234.7758932,7065.9,31067.96746528
1523196242.674978,7066.9,31068.47916528
1523196258.7016182,7066.9,31068.48006414
1523196274.314636,7068.1,31055.33288997
1523196282.736363,7068.1,31056.33936466
1523196290.2109356,7068.6,31041.77536425
1523196298.5048778,7068.6,31042.12825803
1523196306.66339,7069.3,31041.81817729
1523196314.5469096,7069.3,31044.07317901
1523196322.2008698,7069.2,31043.95873043
1523196330.0255456,7069.2,31046.20946972
1523196338.3552637,7069.1,31032.67757264
1523196346.0260599,7069.1,31031.90449785
1523196378.415714,7070,31028.5088829
1523196394.6011076,7070.1,31032.58311285
1523196402.1203787,7070,31032.50153814
1523196411.066034,7071,31035.40596796
1523196418.150603,7071.3,31035.77207062
1523196426.130154,7070.1,31035.73912408
1523196442.803581,7070.1,31036.46829322
1523196450.4255738,7070.1,31037.23797459
1523196458.2918708,7070.1,31037.7122527
1523196474.0746155,7070.1,31034.87811069
1523196490.5142517,7070.1,31024.61973651
1523196506.1986225,7070.1,31016.0374643
1523196514.7086997,7070.2,31015.9287662
1523196522.1605961,7070.3,31015.24496951
1523196530.9835622,7070.3,31015.13034208
1523196538.4751523,7070.1,31009.1156687
1523196546.3479004,7070.2,31003.67156133
1523196554.096089,7070.2,31002.59782998
1523196562.0952964,7070.1,30996.4099166
1523196570.6771245,7070.4,30996.68399907
1523196578.5160563,7070.1,30994.88914839
1523196586.7080107,7070.1,30993.6209024
1523196610.0544133,7070,30992.62205944
1523196618.0766103,7070,30994.28253215
1523196626.012838,7069.1,30994.00976573
1523196634.2489634,7068.4,30992.32763392
1523196642.142428,7068.3,30991.91261287
1523196650.9219832,7068,30989.6110493
1523196658.371691,7065.7,31023.35434722
1523196666.799667,7070,31020.19611712
1523196674.1464732,7070,31018.8629481
1523196698.6900508,7070,30991.16787247
1523196706.164337,7070,30990.06943774
1523196714.5588403,7070,30986.4764938
1523196730.1378136,7070,30981.9112231
1523196738.4172666,7070,30979.47282771
1523196795.1347663,7070,30971.01231156
1523196810.6448483,7070,30973.22136445
1523196818.227107,7070,30972.19854452
1523196826.446821,7070,30971.35182579
1523196842.673667,7070,30970.17287557
1523196850.1851852,7070,30964.89949401
1523196866.1756997,7070,30950.2465765
1523196906.0934734,7070,30933.81312057
1523196915.0219936,7070,30932.75870623
1523196922.3466067,7070,30929.66106223
1523196938.399294,7070,30911.2343437
1523196962.08722,7070,30908.49208444
1523196994.512424,7070,30906.53585307
1523197002.326204,7069.9,30919.07271508
1523197010.068957,7068,30918.35797877
1523197018.7105641,7068,30918.11541968
1523197025.9784443,7067.8,30916.64873956
1523197034.518809,7067.4,30911.43479556
1523197042.1872067,7067.3,30911.38679556
1523197050.4994988,7067.1,30911.413709
1523197058.271429,7067.1,30911.51144608
1523197066.9794147,7067.5,30912.07246811
1523197075.1167169,7067.8,30911.36341947
1523197122.4129655,7067.8,30867.12075368
1523197154.6863575,7067.8,30853.02570983
1523197170.1283045,7067.8,30846.02758922
1523197178.2726443,7067.7,30845.63441193
1523197186.692199,7067.4,30844.511619
1523197202.1572459,7067,30850.6036182
1523197210.1785805,7066.7,30850.44573948
1523197218.7388356,7065,30859.21636988
1523197226.8791716,7065,30857.31636988
1523197234.5387933,7065,30857.77911842
1523197242.1041312,7065,30868.71980659
1523197250.6182752,7065,30869.5734924
1523197258.157525,7063,30898.23139318
1523197266.0780768,7063.7,30909.64738803
1523197274.0552385,7064,30923.43315102
1523197281.9527442,7064.9,30924.42899394
1523197290.1019347,7064.9,30920.2286062
1523197338.5570002,7065,30911.91295228
1523197370.1482272,7065,30910.81925783
1523197426.3287268,7065,30869.34072171
1523197442.234861,7065,30874.59310819
1523197450.185883,7065,30874.1650696
1523197466.464287,7061,30873.14682963
1523197482.592775,7060.1,30875.26606517
1523197490.4901524,7061.1,30875.83664101
1523197498.1913745,7061.1,30875.81079301
1523197506.622206,7061.4,30876.04526114
1523197514.0505517,7061.9,30875.8421505
1523197522.1112745,7061.6,30875.46867811
1523197530.927692,7062.8,30875.56867811
1523197538.0456343,7063.9,30875.4837158
1523197546.0345817,7061.7,30880.12112693
1523197554.443519,7061.7,30910.41175287
1523197562.3657875,7061.1,30912.26473133
1523197570.6539106,7063.1,30912.40149015
1523197578.0452018,7063.4,30916.59742424
1523197586.4808135,7064.7,30916.46809935
1523197594.8986907,7065,30916.23552001
1523197602.159516,7063.2,30918.99855422
1523197610.1355531,7063.2,30918.99855422
1523197618.1847045,7063.3,30917.46785326
1523197626.5285401,7064.4,30917.47785326
1523197634.562384,7063.7,30917.41385326
1523197642.0676744,7063.8,30917.20805326
1523197650.539779,7062.8,30922.71904292
1523197658.3233576,7062.9,30922.79214051
1523197674.1624272,7062.5,30924.83158674
1523197690.232726,7062.8,30921.7994789
1523197698.6927593,7064,30925.2994789
1523197706.048607,7064.9,30925.04725767
1523197730.4518645,7064.9,30923.45795687
1523197738.1144946,7064.9,30923.4576775
1523197746.2400014,7063.8,30919.57859756
1523197754.3077214,7063.8,30921.84259756
1523197762.8693662,7064.2,30919.12259756
1523197770.0550625,7064.3,30919.12259756
1523197778.5111866,7064.2,30918.77259756
1523197786.352395,7064.1,30916.77259756
1523197794.9121737,7064.2,30916.75948656
1523197802.8489926,7064.1,30915.59532795
1523197810.662341,7063.8,30915.82774007
1523197818.902484,7061.7,30895.83129862
1523197827.1660123,7061.8,30895.92444342
1523197834.7264032,7061.9,30895.66423369
1523197842.070647,7062.1,30851.33128106
1523197850.08602,7063.2,30839.63482926
1523197858.1344116,7063.2,30837.34590484
1523197866.7627223,7057.8,30861.62607933
1523197874.5290627,7057.8,30860.77181921
1523197882.6794355,7057.8,30843.81486241
1523197890.0742486,7057.9,30842.69947352
1523197898.7908802,7058.8,30856.91413199
1523197906.0688748,7059.2,30856.54801176
1523197914.952579,7059.2,30855.26863317
1523197922.1462936,7059.2,30854.27104351
1523197930.0855255,7059.3,30854.32964288
1523197938.2626565,7057.9,30905.22964256
1523197946.1616013,7057.9,30905.20632028
1523197954.807638,7057.9,30900.6570292
1523197978.0816364,7057.9,30895.14204835
1523198034.1525688,7057.9,30892.31657694
1523198050.742852,7057.9,30889.91885682
1523198073.9804256,7058.2,30888.25230645
1523198082.5821347,7058,30888.09077609
1523198114.6023579,7057.9,30786.23036727
1523198138.2884724,7058.3,30770.22021988
1523198146.9471266,7057.7,30768.50981411
1523198154.029683,7057.7,30768.49525405
1523198162.6489592,7057.2,30768.30212707
1523198170.5641184,7058.2,30768.27985555
1523198178.162956,7057.9,30769.19280413
1523198185.9968305,7057.9,30769.62703642
1523198226.5299723,7057.5,30777.23101668
1523198242.6972804,7057.5,30777.93056066
1523198250.069889,7055,30784.89842312
1523198258.2692556,7055,30785.00327869
1523198274.1569781,7055,30802.13914763
1523198298.2010372,7055,30802.18432999
1523198331.1169198,7055,30798.23155949
1523198338.500432,7055,30797.00418885
1523198346.3431046,7055,30796.95242135
1523198354.1929002,7055,30796.92625657
1523198386.1537683,7051.6,30849.82737162
1523198394.076286,7048.9,30850.23011262
1523198418.4352348,7048.9,30861.91989107
1523198426.0351024,7048.9,30862.06759946
1523198457.97798,7048.9,30863.76919383
1523198474.246591,7048.9,30864.3831885
1523198499.7122474,7048.9,30872.41757234
1523198506.2926285,7049.9,30871.49266454
1523198514.17566,7052,30876.01572168
1523198522.4503634,7054.6,30884.38119546
1523198530.2361965,7053.7,30884.46608741
1523198538.0972636,7053.9,30884.79123275
1523198546.7269497,7055,30883.17273367
1523198554.1379104,7052,30884.20945608
1523198562.5730753,7052.2,30883.21790324
1523198570.3973215,7052.4,30882.66967072
1523198578.890602,7052.1,30876.62870075
1523198586.268156,7052.1,30876.91293164
1523198594.7691944,7051.6,30874.80967739
1523198626.4042006,7052.3,30878.64191988
1523198634.6612387,7052,30881.24971945
1523198642.1760015,7052.1,30881.69516845
1523198650.371709,7052,30884.27851631
1523198658.7308981,7052,30889.17851631
1523198666.8139803,7048,30935.36904059
1523198682.391026,7046.2,30952.89687698
1523198690.4774537,7046,30959.52499056
1523198698.6793945,7045.1,30966.95828068
1523198714.8881865,7044.9,30979.74090754
1523198722.4993026,7042.6,30989.87362665
1523198731.0715334,7036.5,31012.73936458
1523198738.1967793,7036,31016.20810557
1523198746.1457496,7036,31017.79571203
1523198754.1758084,7036,31024.19896343
1523198762.1047912,7036.2,31024.61595343
1523198777.9703777,7036.2,31024.46090805
1523198786.0823278,7038.7,31029.95951183
1523198794.4576185,7038.8,31030.2228425
1523198802.113154,7039,31029.66541063
1523198810.6379707,7039,31029.23130099
1523198818.8861241,7040.9,31028.46925469
1523198827.0101485,7040.9,31032.85338034
1523198834.2089043,7039,31070.99118189
1523198842.6820104,7039,31071.01824381
1523198866.469204,7039.1,31069.63603888
1523198874.5856094,7039.4,31069.27537124
1523198882.9178455,7029.8,31154.68158704
1523198890.1854477,7029.8,31155.22566437
1523198906.9685836,7029,31187.12751384
1523198914.0680735,7028.7,31188.42152414
1523198922.1125765,7014.8,31222.49357175
1523198930.7106006,7025.7,31225.27620213
1523198938.0932837,7025.7,31229.66695128
1523198946.541972,7027,31234.11525788
1523198962.0969234,7028.9,31238.74081945
1523198970.18553,7028.9,31239.6722929
1523198978.1383739,7029.9,31238.51798291
1523198994.7909386,7029.9,31242.02720442
1523199002.1396163,7029.9,31241.93451695
1523199018.4546328,7029.9,31245.88066926
1523199026.2971606,7033.4,31246.06177628
1523199034.1468565,7034,31246.06177628
1523199042.51483,7034,31246.19574728
1523199050.7779021,7034.9,31248.46709113
1523199066.1222777,7034.9,31248.9617976
1523199074.0762765,7034.9,31268.77171122
1523199082.3634183,7033.9,31268.77658922
1523199090.2259998,7034.9,31269.15454966
1523199106.3008673,7034.9,31269.20963863
1523199114.4818928,7037.2,31276.77845981
1523199122.538923,7039,31277.57636508
1523199130.3563697,7039,31282.39062802
1523199138.5181186,7042,31281.36588956
1523199146.5907435,7042,31281.46588956
1523199154.744852,7042,31281.57978256
1523199170.1260087,7042,31344.53836438
1523199178.5535588,7042,31347.73102098
1523199186.0521793,7042,31349.75427595
1523199193.959722,7046,31349.82474247
1523199202.1661484,7047.5,31352.77892941
1523199210.1003883,7048.5,31354.068346
1523199218.305797,7045,31355.09994107
1523199226.4491653,7042.1,31355.30639594
1523199234.5023808,7042,31355.30842319
1523199266.3818073,7041,31355.65044261
1523199274.875712,7040.5,31356.61597013
1523199290.5102804,7040.5,31358.10597013
1523199298.7700498,7040,31357.59105933
1523199306.0667298,7040,31357.67762535
1523199314.760848,7037.4,31357.77707002
1523199322.301016,7038.1,31355.98687409
1523199330.208754,7037,31356.0027178
1523199338.697129,7033.9,31354.05364168
1523199346.6520882,7035.7,31354.65751889
1523199370.2472937,7035.7,31343.23239741
1523199378.4388387,7035.7,31334.19936472
1523199394.237021,7035.7,31331.7376694
1523199402.0687938,7037.5,31331.06073521
1523199418.1018481,7037.5,31332.20749182
1523199426.133716,7039.8,31331.50713905
1523199433.9837945,7039.9,31336.3113877
1523199442.098467,7038.1,31336.16564708
1523199450.713479,7038,31335.04154723
1523199458.165735,7038,31334.94835784
1523199466.6987984,7037,31336.22985688
1523199474.8139348,7037,31337.97829295
1523199482.5190396,7038.3,31337.76597173
1523199490.3687623,7038.1,31336.89643722
1523199498.820974,7038,31336.0242673
1523199506.705873,7038,31336.9042673
1523199515.3949046,7038,31336.87281839
1523199522.5459611,7035,31336.92281839
1523199530.1773264,7030.7,31336.88797829
1523199538.5798266,7030.7,31336.61660373
1523199546.1144423,7030,31337.31903351
1523199554.4917238,7027.7,31338.4792857
1523199561.9529374,7026.3,31338.78384049
1523199570.925469,7027.6,31338.80606405
1523199578.02204,7028.3,31350.24333126
1523199586.5636106,7030.8,31352.25646332
1523199594.3207905,7032.1,31352.24759738
1523199602.5590775,7031.1,31352.1893393
1523199609.963538,7031.1,31352.23849653
1523199618.619264,7033.1,31352.43288599
1523199634.6085637,7032.9,31359.44632908
1523199642.0018523,7032.7,31359.44632908
1523199650.5164714,7032.7,31360.18262635
1523199657.9865565,7032.7,31360.99792635
1523199666.4828231,7032.7,31361.19792635
1523199674.2517006,7032.7,31362.03488105
1523199682.1148942,7032.7,31371.32225302
1523199691.1899066,7032.1,31371.96225302
1523199698.559463,7032.1,31371.8348216
1523199706.884599,7032.7,31377.21377496
1523199714.44988,7033,31377.40177496
1523199722.2129223,7033.1,31378.87369409
1523199730.89564,7033.1,31379.06008374
1523199746.0973048,7033.1,31378.18333217
1523199754.7775376,7033.1,31377.76169164
1523199762.1065738,7039,31378.03817893
1523199770.248711,7036.1,31379.21201254
1523199778.1378386,7039,31380.63982584
1523199794.8917496,7039,31377.25876254
1523199802.1646125,7039,31377.21050928
1523199826.8113666,7039,31377.45440165
1523199834.3595462,7039.2,31386.99203396
1523199842.167573,7039.2,31393.04950486
1523199850.6225796,7040.2,31390.55721447
1523199858.0937188,7040.2,31390.92015232
1523199867.0504744,7042,31391.37065154
1523199874.2407546,7040,31395.04502301
1523199881.9313731,7040,31395.04502301
1523199914.0079052,7040,31400.19377674
1523199922.4263568,7039,31398.55744122
1523199930.0825944,7039,31397.56560074
1523199938.3439703,7035.7,31392.12919501
1523199946.0752683,7036,31390.63776251
1523199954.88805,7038.6,31390.66332332
1523199962.9258316,7038.7,31390.49929332
1523199970.7544072,7039.4,31390.50363388
1523199979.0490513,7039.9,31390.40111388
1523199994.7158706,7039.9,31390.35685011
1523200011.015116,7041.2,31392.46774335
1523200017.9632504,7042.1,31392.98058849
1523200026.0779705,7042.1,31396.15967636
1523200034.5359042,7042.5,31398.71930937
1523200042.5601983,7041.2,31398.72230937
1523200051.180744,7040.7,31398.76762813
1523200058.3258967,7040.8,31397.67775508
1523200066.09447,7041.1,31397.78983746
1523200074.0494297,7042.6,31398.24815392
1523200082.2440217,7043.5,31399.12786818
1523200090.0904546,7043.8,31398.61501646
1523200098.8882105,7044.1,31399.0691336
1523200106.6739128,7042.6,31399.32977677
1523200114.5154948,7044.1,31399.33817648
1523200122.5344617,7041.9,31399.29920628
1523200130.2462611,7040.9,31398.38320628
1523200138.725104,7041.7,31398.96089628
1523200146.8227859,7040,31399.08101731
1523200154.4218197,7040,31399.12682586
1523200163.038169,7040,31399.36182586
1523200178.0267012,7040,31400.19637485
1523200186.0771868,7040,31397.53179741
1523200274.1076307,7040,31398.3655074
1523200298.5750098,7040,31388.42257768
1523200322.4350412,7040,31367.92257768
1523200338.208043,7040,31347.82116108
1523200347.0196686,7039,31346.8677665
1523200354.5805528,7037,31347.5190665
1523200362.441599,7037,31348.19787799
1523200370.117477,7037.2,31345.19787799
1523200378.2163897,7037.1,31343.96868745
1523200386.6624253,7037,31343.72938856
1523200394.661506,7036.2,31343.95702836
1523200402.6886299,7037.9,31343.93418836
1523200418.1528876,7037.9,31344.91281276
1523200433.9274518,7035.7,31344.68370512
1523200442.7544348,7038.1,31344.91323512
1523200451.2765346,7036.1,31345.31323512
1523200458.2301948,7036.2,31345.31323512
1523200466.0304136,7034.6,31344.25213004
1523200474.8330846,7034.2,31344.25213004
1523200481.992312,7037.8,31340.60369911
1523200490.616062,7038.9,31340.70622816
1523200498.00212,7039,31329.75122816
1523200506.7769172,7036.8,31329.56519448
1523200514.2857895,7036.9,31329.78529839
1523200522.6061819,7039,31330.03329839
1523200538.1229982,7039.1,31330.54702821
1523200546.1501236,7039.9,31330.8695816
1523200577.9560943,7045,31319.10362145
1523200586.4376235,7044.6,31309.59281951
1523200594.5624819,7044.4,31308.55540625
1523200602.2207193,7044,31276.60675299
1523200610.4591968,7040.6,31278.15463377
1523200618.6759107,7041.1,31278.22280358
1523200626.6407697,7041.6,31278.15722093
1523200634.726,7042,31278.51401845
1523200642.0863338,7039.1,31278.21451038
1523200650.600378,7043.5,31280.83161038
1523200658.4829524,7041.5,31280.79199269
1523200666.661785,7039.6,31281.08328861
1523200674.142217,7040.3,31281.18712594
1523200683.1867056,7042.1,31281.09191691
1523200690.0465815,7040.9,31281.18171643
1523200698.1581635,7040.9,31250.00699111
1523200706.4060452,7041.5,31249.76520661
1523200714.3354177,7041.1,31249.50520661
1523200722.0077918,7041.5,31245.40156046
1523200730.74254,7041.1,31243.12594376
1523200737.9248378,7041.1,31243.12594376
1523200747.0347896,7041.9,31243.12394376
1523200762.6274374,7041.9,31243.26238787
1523200770.1311197,7041.9,31243.24618614
1523200802.146729,7042.9,31243.51807533
1523200811.0167274,7042.9,31244.13051175
1523200826.1127872,7042.9,31243.69190923
1523200842.6029973,7046.1,31260.65600153
1523200850.1110992,7044.5,31258.12489225
1523200858.9738188,7047.8,31258.26906153
1523200866.0751,7047.7,31268.17388732
1523200874.749955,7044.1,31268.65519301
1523200882.2022815,7042.1,31269.69915062
1523200890.5826147,7043.3,31269.4901618
1523200898.5189297,7043.5,31269.34745542
1523200906.587893,7044.8,31269.94745542
1523200914.485333,7044.9,31268.92320734
1523200930.0569205,7044.8,31269.31713796
1523200938.129421,7043.3,31252.75124197
1523200946.3706038,7043.2,31252.73645623
1523200954.2380285,7044.3,31273.72724992
1523200963.0256772,7045.5,31273.70369621
1523200970.7245822,7050.1,31278.15228908
1523200994.1920395,7050.6,31270.43105715
1523201002.6319745,7052.7,31271.67398669
1523201010.4005446,7052.8,31268.90274119
1523201018.2497444,7052.8,31268.9370419
1523201026.582675,7054.4,31273.53240903
1523201034.1884017,7054.5,31273.53311166
1523201042.4385283,7054.5,31273.54311166
1523201058.465858,7054.5,31275.33432999
1523201066.7546418,7055.9,31267.60911493
1523201082.25395,7056.6,31260.61885612
1523201090.717387,7056.7,31260.71885612
1523201098.9748986,7056.2,31260.42412247
1523201106.2713773,7056.2,31260.29871535
1523201114.5513391,7062.1,31333.94475431
1523201138.4657168,7063,31352.36599744
1523201146.6807315,7064.3,31338.18596837
1523201154.00989,7064.3,31328.52619236
1523201162.262583,7064.3,31282.80934247
1523201170.3888597,7064.3,31267.94420578
1523201194.1827936,7064.3,31224.97816282
1523201218.3624184,7064.3,31167.20934289
1523201234.6727648,7064.3,31107.8193464
1523201242.473832,7064.3,31098.91072295
1523201266.551645,7064.3,31090.28392708
1523201274.2847028,7061.4,31179.05188469
1523201282.9023855,7060.2,31177.99551872
1523201290.7127297,7060,30469.91873343
1523201322.0432863,7060.2,29450.60428552
1523201338.3781037,7061.2,29374.40733979
1523201346.246331,7061.2,29337.19091818
1523201354.0756047,7063.2,29306.10277135
1523201363.4095626,7063.1,29263.63674549
1523201370.2870138,7063,29227.27129391
1523201378.2514982,7063,29170.99705783
1523201386.847568,7063,29157.43722246
1523201402.3097758,7063,29107.60510491
1523201410.4008696,7063,29062.53095494
1523201418.944242,7063,28802.42402444
1523201426.706043,7063,28764.24459225
1523201435.458531,7063,28765.99831989
1523201442.4262516,7064.4,28732.03765828
1523201450.5334692,7064.4,28567.1420895
1523201466.0752556,7064.4,28458.08394565
1523201482.456222,7064.4,28409.6173118
1523201490.1517625,7064.4,28380.32631123
1523201498.2493422,7064.4,28371.13376396
1523201506.2976296,7064.4,28352.34528648
1523201522.6857953,7064.4,28312.95911537
1523201530.7183769,7064.6,28291.85124037
1523201538.5725172,7064.9,28283.05954383
1523201554.1069136,7068.2,28312.89155595
1523201578.5927093,7069,28251.69311221
1523201610.2966635,7068.2,28212.23909293
1523201626.6090946,7068.2,28195.96772508
1523201634.144298,7065,28172.60528077
1523201642.014996,7064.4,28153.43939798
1523201650.425648,7064.3,28150.11535605
1523201658.4692738,7060,28209.81715717
1523201666.0089374,7060,28211.23112174
1523201674.6170714,7060,28206.3711722
1523201698.510175,7060,28182.45767663
1523201714.3114974,7060,28156.47854869
1523201826.435791,7060,28074.0385104
1523201843.0797386,7060,28043.598644
1523201898.1198874,7060,27977.08551808
1523201907.1313357,7060,27954.92649251
1523201914.8113086,7060,27956.50120974
1523201922.532961,7060,27949.30425735
1523201954.4315202,7060,27919.70418297
1523201961.928161,7060,27917.78066835
1523201970.5154686,7060,27915.58383884
1523201977.9553955,7060,27911.90874164
1523201993.9597208,7060,27909.84224488
1523202010.1482375,7060,27898.85321385
1523202018.5304265,7060,27899.86769386
1523202050.533563,7060,27794.11094313
1523202058.0368943,7059.7,27739.24120421
1523202066.4514542,7059.2,27735.87776621
1523202082.5126798,7059.2,27734.14583511
1523202098.9601107,7059.2,27706.80195155
1523202121.9978402,7057.4,27705.69023081
1523202130.5813417,7058.1,27698.63962646
1523202137.99935,7061,27707.12725076
1523202147.0949497,7061.9,27705.01725076
1523202154.4645765,7061.9,27703.57337882
1523202178.926827,7061.9,27698.50623331
1523202186.4805207,7062.8,27673.03773301
1523202194.1123562,7064.9,27674.85461498
1523202202.283421,7066.7,27689.72111412
1523202218.5581875,7066,27688.36553447
1523202226.0701754,7066,27688.13423481
1523202242.547991,7062.5,27688.51275166
1523202250.0873094,7063.2,27668.82789955
1523202258.7329054,7063.9,27668.84441309
1523202266.1036365,7064.4,27667.24928989
1523202274.4077876,7065.2,27664.5850517
