1522729557.8665717,393.42,208029.38186396
1522729572.8796616,393.58,208174.9407166
1522729580.9472315,393.77,208223.8684566
1522729589.2353222,393.89,208274.4684566
1522729597.3988965,393.89,208273.68097501
1522729620.8667448,393.89,208279.75979294
1522729645.0441144,393.93,208506.89214176
1522729653.2409778,393.98,208507.41633701
1522729661.3833334,393.99,208495.13303109
1522729701.263222,393.9,208734.47793219
1522729709.211498,393.9,208721.67230234
1522729717.1094618,393.9,208734.66548062
1522729724.90098,393.9,208781.62201081
1522729732.876852,394,208544.35552673
1522729741.1625216,393.98,208632.1985057
1522729748.906928,393.98,208603.04678129
1522729757.0626705,393.98,208602.83177407
1522729764.9131298,393.98,208605.83793058
1522729788.8509977,394.36,208806.3255553
1522729797.7290545,394.42,208812.43833685
1522729804.9871573,394.49,208832.78916447
1522729821.00065,394.99,208895.9628478
1522729837.1061265,394.97,208978.46663254
1522729877.401227,394.97,209094.4414493
1522729900.8641644,394.97,208977.0509613
1522729908.7989395,395,208983.67081093
1522729916.8344693,395.06,208995.1027585
1522729924.9368672,395.06,209036.84706133
1522729933.3261347,395.07,209074.83887377
1522729941.3107276,395.07,209081.01692508
1522729957.1024463,395.1,209211.90339655
1522729964.8231688,395.87,209193.8710727
1522729973.3731704,395.73,209293.6550275
1522729988.8134198,395.73,209299.9826595
1522729996.7988753,395.73,209106.53418402
1522730013.2964063,395.44,209051.14429893
1522730020.9105978,395.21,209048.12677436
1522730028.9397478,395.09,208979.33589444
1522730036.8706698,395.09,208980.47649444
1522730044.8634093,395.09,208987.85928166
1522730053.0900898,395.09,208987.85932566
1522730061.0558102,394.98,209001.80256509
1522730069.088026,394.97,209002.80256509
1522730077.07652,394.82,209063.64256509
1522730084.8246956,394.82,209058.8483927
1522730124.9231431,394.82,208868.55158994
1522730140.872566,394.53,208932.18357181
1522730148.8480701,394.53,209080.05878431
1522730156.9536529,393.61,209256.65490656
1522730164.9236965,393.6,209259.95130192
1522730173.0787778,393.6,209260.35130192
1522730181.1599784,393.6,209257.43690192
1522730244.830001,393.6,209219.25571492
1522730277.2153568,393.6,209225.90371492
1522730292.9875932,393.6,209227.63964613
1522730308.9195175,393.6,209180.63479712
1522730340.773742,393.48,209173.67289078
1522730356.7561448,393.48,209213.09184397
1522730364.7048426,393.39,209237.36770113
1522730396.942327,393.49,209304.67217603
1522730404.8893428,393.99,209309.55161255
1522730412.7784734,393.99,209317.0226211
1522730420.7288406,394.35,209353.97404837
1522730428.7881086,394.35,209388.96778249
1522730436.9973102,394.46,209432.87206682
1522730444.8778243,394.53,209445.71541582
1522730452.8644145,394.53,209455.81541582
1522730468.8351038,394.54,209417.77831705
1522730484.8959022,394.68,209431.03212802
1522730492.7651546,394.98,209425.31922802
1522730501.1625896,394.98,209409.83642836
1522730532.99561,395.07,209478.36712802
1522730540.7749968,395.38,209478.36712802
1522730549.0384839,395.43,209481.30912802
1522730557.1683168,395.49,209506.337133
1522730564.9743166,395.67,209501.337133
1522730572.922637,395.69,209500.37285975
1522730581.314992,395.69,209598.96985975
1522730589.22041,395.67,209628.35785975
1522730652.8753514,395.67,209644.36414501
1522730660.8197033,395.67,209661.05366263
1522730676.8006816,395.67,210082.27215879
1522730685.357692,395.98,210135.23060301
1522730708.8005495,395.98,210191.08118345
1522730716.954221,395.48,210152.72106976
1522730725.0659807,395.48,210225.8816673
1522730732.7365532,395.39,210234.47371786
1522730756.926552,395.83,210283.4214309
1522730764.9400573,395.97,210283.4214309
1522730780.8424747,395.97,210282.2002309
1522730796.9646776,396.1,210523.82238982
1522730805.0732121,396.48,210712.53389216
1522730813.3520765,396.49,210747.82711223
1522730821.0051448,396.5,210831.1370957
1522730828.9070213,397.27,210836.63072588
1522730845.1624334,397.27,210975.63211503
1522730861.4184763,397.27,210980.09913003
1522730868.972335,397.27,210984.71962757
1522730877.0672972,397.27,211007.04862757
1522730884.95231,397.27,211161.84530083
1522730893.4613514,397.39,211174.2478856
1522730901.07798,397.39,211178.68728165
1522730925.1632988,396.92,211403.32345505
1522730932.9434721,396.94,211404.42566616
1522730949.2464006,396.68,211139.31242762
1522730972.977022,396.68,211030.09849244
1522730989.047188,396.61,211078.62779936
1522730997.0254695,396.3,211156.72060566
1522731005.0620937,396.03,210419.68866131
1522731021.2866526,396.01,210350.71074232
1522731084.9625282,396.01,210138.52332083
1522731092.9577994,396.58,210171.4529407
1522731101.691276,396.59,210176.20713769
1522731109.208468,396.98,210180.46544349
1522731117.7046762,396.99,210095.07505481
1522731125.0686355,397.38,210139.58024344
1522731133.1359782,397.39,210181.69371368
1522731165.0072548,397.38,210333.91527979
1522731172.9157293,397.26,210336.65587979
1522731181.2393987,397.26,210343.26767651
1522731188.7784455,397.26,210342.62960332
1522731197.089916,397.26,210352.16833829
1522731237.3821535,397.01,210608.51014777
1522731244.9216108,396.73,210620.5540368
1522731252.9504445,396.73,210621.60502466
1522731292.8360412,396.73,210623.52109242
1522731309.1559806,396.73,210645.16197142
1522731316.9893413,396.73,210704.46004055
1522731324.925291,396.29,210709.47263836
1522731333.013255,396.29,210709.97263836
1522731341.5583055,395.94,210794.75408092
1522731348.9688287,395.96,210796.78915667
1522731357.0830696,395.96,210803.8905231
1522731364.8271413,395.96,210804.4181231
1522731421.0914962,395.96,210863.23809321
1522731428.8996637,395.96,210880.75559321
1522731436.8910787,395.96,210901.22291321
1522731452.9911,395.96,210893.75700048
1522731460.837682,395.96,210877.75481643
1522731469.1123185,396.55,210922.29760215
1522731476.901134,395.97,211033.61712046
1522731484.7420497,395.98,211098.42356839
1522731517.0369947,395.83,211350.73448486
1522731524.9651265,395.89,211351.08448486
1522731540.8591123,396.24,211360.75379927
1522731548.908492,396.33,211591.34762079
1522731556.8951626,395.89,211694.85344743
1522731565.20007,396.6,211667.6515914
1522731572.7297893,396.2,211829.03755131
1522731580.8524063,396.41,211979.67621506
1522731588.8941388,396.28,212129.03021394
1522731597.1061318,396.11,212310.70021394
1522731604.9020915,396.21,212312.36861574
1522731612.861924,396.41,212419.93523919
1522731621.4500585,396.42,212404.26608203
1522731628.806321,395.98,212467.21414801
1522731636.7768524,395.99,212466.4384958
1522731676.870527,396.18,212535.40684961
1522731684.920976,396.22,212535.40684961
1522731693.0031173,396.38,212539.40684961
1522731701.0343177,395.99,212603.63445965
1522731741.0512557,396.3,212820.87012587
1522731749.4336746,396.03,213033.88264228
1522731757.0181808,396.4,213148.90728646
1522731765.5550342,396.41,213170.06066575
1522731773.466517,396.49,213177.52844592
1522731781.554505,396.49,213184.82132498
1522731789.1474144,396.51,213196.92880606
1522731797.3192794,396.61,213204.74482606
1522731805.1214626,396.66,213254.27747785
1522731813.0484529,396.7,213263.18759323
1522731821.206942,396.81,213353.71923555
1522731829.1094651,396.85,213391.44578937
1522731837.0452843,397.03,213433.84801161
1522731845.0919666,397.29,213435.44785457
1522731853.0345871,397.61,213446.74779263
1522731861.0577924,397.74,213447.97237951
1522731869.246243,397.78,213441.41458568
1522731876.87383,397.86,213434.59911088
1522731885.1800964,397.71,213654.85761523
1522731893.4795616,397.51,213640.32205034
1522731901.0969777,396.9,213699.06000728
1522731909.1790197,396.92,213730.44710175
1522731932.867794,396.92,213737.17557057
1522731941.101904,397.27,213718.2053474
1522731948.8880966,397.28,213798.30765034
1522731957.275708,396.98,213798.63815034
1522731981.1560156,396.46,213921.83566658
1522731997.3455172,395.59,214212.35146796
1522732005.0753965,395.6,214227.50356838
1522732021.0552888,395.62,214261.65220164
1522732029.0698764,396.08,214268.62293061
1522732036.8540902,396.08,214270.88314861
1522732060.9033027,396.08,214287.38352065
1522732076.8781788,396.08,214248.53292065
1522732101.1353846,396.08,214261.37772953
1522732109.1520355,396.08,214262.37772953
1522732133.1752346,395.64,214311.45761859
1522732141.066162,395.64,214284.12413865
1522732173.1006057,395.98,214313.00480728
1522732181.1206436,395.98,214312.85461119
1522732189.034086,395.98,214313.05461119
1522732196.93223,395.98,214313.05461119
1522732205.3047233,395.99,214313.05461119
1522732213.2042778,395.99,214313.16186119
1522732261.1939685,395.99,214310.66988172
1522732268.9227934,395.68,214410.78921556
1522732284.9486315,395.68,214413.67335927
1522732301.0260375,395.68,214459.94173928
1522732308.9282007,395.68,214459.45842834
1522732317.029353,395.68,214463.54782677
1522732325.0014205,395.68,214481.36261648
1522732332.9127774,395.79,214500.62267763
1522732340.9182272,395.87,214497.32071197
1522732349.2056036,395.87,214497.3431798
1522732357.084766,395.87,214498.3431798
1522732389.3365486,395.87,214481.63007955
1522732397.1165812,396.09,214509.93034877
1522732405.0794861,396.52,214628.62035121
1522732413.1786191,396.65,214628.29559121
1522732420.889613,396.65,214766.29559121
1522732429.1552634,396.43,214766.24189671
1522732437.052996,396.56,214833.84844877
1522732445.0128887,396.48,214922.36717612
1522732452.9944267,396.49,214917.47907268
1522732460.8579369,396.49,214947.04763657
1522732500.8181221,396.07,214860.67988028
1522732508.9636302,396,214860.99900103
1522732524.8838942,396,214834.52413116
1522732549.1803017,395.73,214798.86870367
1522732556.8778718,395.73,214726.80244148
1522732565.068967,395.73,214757.24735305
1522732573.2722259,395.62,214749.70100048
1522732580.8532674,395.61,214753.51949048
1522732589.0042984,395.61,214734.25380873
1522732596.9750853,395.61,214826.02782616
1522732604.903767,395.36,214834.07998605
1522732628.8747807,395.36,214741.40670862
1522732636.9871523,395.36,214658.14142118
1522732652.8793612,395.1,214870.07492447
1522732660.9886649,395.1,214961.70366049
1522732669.0700228,395.09,214957.9425857
1522732676.8960125,394.98,215071.48524481
1522732685.1189535,394.91,215230.8677027
1522732693.0479834,394.65,215240.37396176
1522732701.2874706,394.64,215297.37336608
1522732709.4913628,394.64,215300.50786475
1522732732.8999062,394.64,215340.34071851
1522732749.0868778,394.63,215462.98258004
1522732757.0354538,394.62,215475.91330437
1522732765.1189077,394.4,215623.60583795
1522732773.1741486,393.61,215732.72549788
1522732781.062993,393.4,215755.08545656
1522732804.8173819,393.4,215789.46940172
1522732812.959639,393.4,215802.96969851
1522732821.01617,393.4,215885.48777482
1522732829.4203224,393.53,215932.29240561
1522732837.6720572,393.76,215903.56969604
1522732844.8981385,394.06,215884.17545775
1522732852.9212577,394.06,215884.09115775
1522732893.0215662,394.06,215887.05396773
1522732925.0371122,394.06,215913.84640286
1522732933.2738764,394.06,215915.84640286
1522732941.2453177,394.06,216042.51773982
1522732950.2723866,393.73,216033.52525271
1522732956.9321365,393.76,216045.46005271
1522732964.9667914,393.81,216045.46005271
1522732973.3206344,393.81,216048.39485271
1522732996.9916532,393.81,216031.37329615
1522733004.9028573,394.56,216119.64481023
1522733021.0034845,394.93,216151.94738823
1522733028.974161,394.43,216570.1003007
1522733037.04706,394.36,216604.0344007
1522733045.021665,394.3,216606.56785788
1522733053.3741446,393.96,216609.94680198
1522733061.013033,394.01,216607.92627648
1522733068.906072,394.01,216617.92627648
1522733132.8633687,394.51,216551.26534261
1522733156.9931688,394.51,216610.53655325
1522733181.0617454,394.51,216579.79018334
1522733221.1589022,394.51,216538.37022521
1522733228.983483,394.3,216533.05044222
1522733237.0624175,394.3,216504.9165294
1522733292.965811,394.3,216449.61041316
1522733301.0659425,394.3,216445.79483634
1522733317.290863,394.3,216420.43397966
1522733356.9932425,394.3,216390.62547483
1522733365.0741358,394.73,216446.49982534
1522733388.9508483,394.73,216394.91533096
1522733405.067996,394.73,216380.43076618
1522733412.941834,394.97,216460.82547558
1522733421.380126,395.44,216470.82082052
1522733436.8477685,395.24,216523.56908913
1522733444.924697,395.24,216519.54994373
1522733453.1484776,395.24,216502.38585031
1522733476.9579082,395.24,216484.90045979
1522733485.104021,395.24,216404.98859118
1522733493.147449,395.24,216532.91743918
1522733500.993903,395.5,216198.86873346
1522733517.804714,395.82,216047.53962783
1522733525.204925,395.72,216081.78442472
1522733533.0123649,395.72,216065.56158561
1522733540.9293432,395.4,216114.57640313
1522733596.9439242,395.4,215996.31107112
1522733612.785576,395.4,215981.55149046
1522733788.9208999,395.4,215516.20246773
1522733796.9679596,396.03,215529.43502366
1522733805.0733552,395.68,215528.98452113
1522733812.9468799,395.8,215489.62166688
1522733821.5477834,395.66,215376.37181755
1522733828.7994525,395.66,215376.24255396
1522733836.9236124,395.66,215376.46455396
1522733845.1015375,395.66,215383.1913195
1522733852.8500173,395.66,215392.5913195
1522733884.845131,395.66,215357.78005301
1522733908.9421194,395.7,215373.17723898
1522733916.791982,395.7,215374.27849661
1522733924.9449155,395.7,215374.93445285
1522733941.5679097,395.7,215397.51852839
1522733981.1460702,395.7,215408.9641724
1522733989.424622,395.7,215413.39385531
1522734005.053952,395.37,215433.4950566
1522734013.1067698,395.39,215350.91969639
1522734021.0543702,395.49,215345.91969639
1522734028.9576044,395.49,215341.22610755
1522734036.714001,395.51,215377.17140048
1522734044.8172123,395.64,215377.17140048
1522734053.3212676,395.64,215377.17140048
1522734069.0142682,395.64,215367.75526878
1522734076.8711872,395.64,215288.75585486
1522734100.9505894,395.37,215252.64622146
1522734116.909337,395.21,215230.00311462
1522734124.965424,395.21,215257.18193297
1522734132.8953023,395.21,215302.47509901
1522734140.9653246,394.8,215319.14849545
1522734157.0487685,394.9,215896.81223501
1522734165.058309,394.78,215907.9530497
1522734181.7735875,394.55,216085.97340108
1522734189.0148451,393.2,216679.54008665
1522734196.8224356,393.47,216727.10376712
1522734205.062924,393.47,216728.91435833
1522734221.0200315,393.47,216747.82287868
1522734237.0346658,393.47,216752.23580457
1522734244.9328253,393.76,216780.50958985
1522734253.0454473,393.84,216777.7619647
1522734261.2387033,393.84,216777.76298191
1522734276.96513,393.84,216750.87742936
1522734293.2716749,393.84,216964.02150794
1522734301.0455697,393.77,216961.39772155
1522734308.846177,393.4,216984.33123426
1522734316.9764388,393.4,216937.13143712
1522734340.8541873,393.64,216914.62894765
1522734349.061955,393.69,216902.6151826
1522734364.9262233,393.75,216832.27318667
1522734372.9781134,393.97,216823.01156268
1522734381.2641966,393.97,216942.85055089
1522734389.017074,394.19,216924.41738973
1522734413.2131982,394.19,216903.6247857
1522734429.2156801,394.02,216929.11419233
1522734437.034047,393.71,216923.92540729
1522734444.8739262,393.71,216855.16997563
1522734453.0498412,393.71,216875.06997563
1522734460.9753997,393.34,216908.68691605
1522734469.39806,393.21,216913.20774629
1522734477.1716385,392.61,216974.9302053
1522734484.8779247,392.63,216984.06567158
1522734493.0869517,392.63,216960.7231149
1522734500.9834313,392.63,216950.79026072
1522734509.105778,392.63,216952.63459077
1522734525.3554914,392.63,217008.91848648
1522734533.1086342,392.74,217010.24310927
1522734541.060011,392.74,216991.2740709
1522734549.154976,391.94,217226.31022178
1522734556.929108,392.11,217237.38878475
1522734564.9658566,392.59,217245.31137265
1522734573.259741,392.59,217269.27137265
1522734589.0259514,392.59,217261.23054615
1522734597.2512558,392.59,217262.73500325
1522734605.1477628,392.59,217282.94995332
1522734645.2896163,392.59,217170.89266431
1522734653.231217,392.59,217191.92186075
1522734669.148165,392.9,217249.39017566
1522734676.8815382,393.08,217278.36699868
1522734684.9869788,393.41,217271.04611594
1522734709.0335054,393.51,217281.79253363
1522734717.175429,393.71,217260.45438363
1522734725.1810207,394.19,217296.40882167
1522734733.0806916,394.37,217432.02577505
1522734740.8272994,394.69,217439.02577505
1522734757.2635837,394.69,217430.44890883
1522734765.009588,394.69,217455.45527023
1522734772.9376497,394.91,217462.85693811
1522734781.148407,395.1,217470.08442472
1522734789.0159855,395.13,217457.9788369
1522734813.0434935,394.74,217493.26525915
1522734821.044352,394.4,217503.26525915
1522734829.2947216,394.42,217503.52716605
1522734836.949334,394.68,217501.03737844
1522734853.058916,394.68,217487.74797844
1522734893.017996,394.68,217507.39918639
1522734917.4673042,394.68,217512.58837678
1522734932.9325993,394.68,217491.19535547
1522734948.8288996,394.68,217491.86739365
1522734972.9014935,394.68,217505.24350859
1522734988.9745717,394.68,217550.67047859
1522734996.9276545,394.91,217600.68972583
1522735004.844896,395.27,217686.46300399
1522735028.937493,395.27,217706.31846679
1522735053.1241167,395.27,217706.08391179
1522735092.905809,395.27,217723.18247593
1522735100.77673,395.27,217723.92155093
1522735132.8717775,395.27,217719.97410272
1522735164.9821687,395.27,217722.61402149
1522735181.1327212,395.27,217727.61402149
1522735197.0052664,395.27,217726.25241638
1522735204.8534334,395.27,217714.87078724
1522735237.1730726,395.27,217706.8237536
1522735244.900131,395.27,217710.8111308
1522735261.1112552,395.37,217711.8111308
1522735268.9646688,395.38,217710.40306482
1522735277.2259645,395.39,217732.52946482
1522735284.8234787,395.42,217732.26606482
1522735292.9041767,395.42,217726.05967266
1522735301.145232,395.42,217726.26367266
1522735309.1309674,395.42,217724.47666284
1522735461.0035484,395.42,217791.24622804
1522735517.514817,395.42,217644.42191728
1522735525.6776683,395.66,217694.97580299
1522735533.0056436,395.75,217694.97580299
1522735565.0797405,395.81,217718.31346649
1522735573.0607374,395.81,217720.43706065
1522735581.195883,395.81,217900.99906065
1522735588.9745145,394.93,218060.23906065
1522735597.2343898,394.81,218007.81448447
1522735604.9586482,394.81,218001.96110113
1522735629.0089953,394.94,218055.13792512
1522735637.2450023,394.94,218110.1448101
1522735645.0407991,395.16,218169.82643539
1522735653.03104,394.9,218173.30120766
1522735661.1898332,395.12,218173.30120766
1522735669.1527297,395.12,218188.51520766
1522735684.9265423,395.03,218267.89261428
1522735741.3014798,395.03,218286.69184688
1522735765.4513285,395.03,218348.44937688
1522735813.36292,395.03,218460.93178749
1522735821.0832145,395.34,218474.46378749
1522735957.0042713,395,218965.05344345
1522735964.9328973,395,218964.46186579
1522735981.036246,395,218954.30093702
1522735996.8897853,395,218949.35593702
1522736045.0342143,395,218950.07371498
1522736109.0215693,395,218862.98894923
1522736117.324332,395,218857.87143393
1522736125.2699728,395,218858.12404091
1522736141.6228938,395,218870.47234788
1522736156.8845398,395,218845.34084469
1522736165.050886,395,218813.58024596
1522736188.9665778,395,218658.38891164
1522736204.8317063,395,218627.46707895
1522736221.3027556,395,218622.57060805
1522736245.241434,395,218569.75394696
1522736252.7497234,395,218570.55394696
1522736324.8699136,395,218515.2023563
1522736348.9496565,395,218517.65134664
1522736365.0269828,395,218517.72434664
1522736420.683898,395,218518.75853604
1522736436.8876612,394.79,218589.13717121
1522736444.889607,394.79,218597.81734077
1522736709.0013576,394.79,218302.18641081
1522736732.9576533,394.79,218312.18641081
1522736748.8914518,394.79,218312.90455951
1522736772.9709256,394.79,218308.91530359
1522736781.2547598,395.19,218425.40665774
1522736789.1318352,395.43,218468.01137441
1522736797.5087492,395.43,218487.45712431
1522736805.04246,395.43,218492.94709006
1522736812.9241066,394.98,218513.94417447
1522736828.9993358,394.98,218487.43867275
1522736836.9710894,394.98,218424.25191129
1522736844.9083529,395.11,218423.85191129
1522736853.3818004,395.11,218424.25191129
1522736869.037855,395.11,218424.32491129
1522736932.8896964,395.11,218458.42142063
1522736941.5553005,395.63,218468.3116713
1522736948.8737018,395.87,218447.7034966
1522736957.5213454,395.89,218439.01043213
1522736972.922987,395.89,218439.6874275
1522736997.158745,395.89,218444.99733572
1522737012.8767781,395.89,218427.41213987
1522737020.98273,395.89,218429.21213987
1522737052.9183617,395.89,218429.25013987
1522737060.9190555,395.89,218427.86701992
1522737085.1196234,395.89,218426.20716136
1522737092.8387792,395.9,218463.6080792
1522737109.0988464,395.9,218515.7850792
1522737117.1813948,395.9,218516.7850792
1522737124.9239213,396.18,218560.74772471
1522737133.0078092,396.18,218543.22246863
1522737156.8901753,396.18,218553.66967489
1522737164.9551945,396.25,218690.79436489
1522737172.9187953,396.21,218692.00436489
1522737188.9172194,396.21,218802.69759215
1522737196.9173138,396.21,218805.30903232
1522737204.912689,396.22,218805.30903232
1522737212.8227298,396.22,218815.30903232
1522737228.9165573,396.25,218815.30903232
1522737244.918048,396.25,218845.32903632
1522737252.8387876,396.45,218847.76413632
1522737260.870328,396.45,218852.76413632
1522737269.0038369,396.45,218873.16413632
1522737285.083577,396.45,219022.25748998
1522737293.1609814,396.45,219085.91287461
1522737300.9005368,396.45,219091.07484336
1522737308.8616257,396.45,219101.4436006
1522737333.3162277,396.45,219109.5046628
1522737348.7623212,396.45,219122.47431934
1522737356.9032936,396.45,219120.66630408
1522737364.849366,396.45,219118.56961538
1522737428.923116,396.45,219119.3886374
1522737437.0059533,396.01,219162.52336379
1522737445.0912197,395.9,219163.52336379
1522737468.7842405,395.9,219153.58336379
1522737484.8448777,395.9,219153.75262918
1522737516.9425938,395.9,219151.61305337
1522737525.1298237,395.9,219161.57305337
1522737572.7783475,395.9,219059.06289251
1522737621.1372473,395.9,219067.85804128
1522737636.8649879,395.9,219071.15761081
1522737644.9048045,395.9,219081.15761081
1522737652.8526402,395.9,219078.40448129
1522737725.024483,395.9,219091.01588028
1522737740.9306495,395.9,219092.67775668
1522737749.2804496,396.17,219104.22840448
1522737757.0628984,396.17,219103.83110448
1522737765.111705,396.29,219164.54377996
1522737788.9202302,396.29,219150.53985829
1522737804.8990898,396.45,219190.57985829
1522737812.8710442,396.45,219190.8257929
1522737820.9534123,396.45,219196.03267137
1522737900.85028,396.45,219083.25172298
1522737941.1815932,396.45,219016.17503753
1522737981.0953338,396.45,219023.37563591
1522738005.0162385,396.45,218989.04397603
1522738012.9867218,395.9,218997.02076634
1522738021.1196196,395.38,219120.15326642
1522738029.3934467,395.28,219156.87035969
1522738037.0037806,395.3,219159.4546464
1522738045.3827436,395.4,219159.4546464
1522738052.9029896,395.4,219160.50806895
1522738061.246518,395.45,219214.10075838
1522738069.0899146,395.45,219151.47842739
1522738117.0947216,395.45,218937.80990104
1522738125.0664964,395.4,218789.70959104
1522738132.9335423,395.4,218674.20959104
1522738149.164102,395.4,218656.80321775
1522738180.9835327,395,218688.33140017
1522738197.0102086,395,218692.04586052
1522738205.1321938,395,218691.63734795
1522738261.0162215,395.34,218664.85426913
1522738268.9095142,395.4,218663.85426913
1522738276.9542334,395.4,218667.85426913
1522738332.860249,395.4,218679.05605933
1522738349.1605904,395.4,218689.02288604
1522738404.733036,395.34,218708.48595771
1522738421.1261475,395.34,218707.51317771
1522738428.8872917,395.34,218707.1692927
1522738445.0031955,395.34,218706.6134027
1522738484.7692156,395.34,218733.10548996
1522738493.0039406,395.92,218742.64818346
1522738500.92382,395.92,218742.64818346
1522738509.3542566,395.92,218735.83793826
1522738524.8605125,396.09,218789.93157556
1522738532.9456851,396.39,218797.44738376
1522738564.9248981,396.39,218798.92537619
1522738572.934033,396.39,218799.48236559
1522738589.0261025,396.39,218800.91302971
1522738596.964553,396.39,218797.99987171
1522738676.9500375,396.21,218964.30646358
1522738684.730717,396.03,218960.91105171
1522738692.9690592,396.14,218944.50686876
1522738700.7554765,396.06,218968.25256876
1522738708.8485248,396.05,218977.68828927
1522738716.883945,396.05,218894.33448747
1522738756.8622892,396.05,218690.98197032
1522738765.2720323,396.05,218751.34037943
1522738772.8675954,396.05,218786.72823183
1522738780.936179,396.09,218785.16244183
1522738813.1647494,396.09,218762.11628625
1522738893.0432374,396.09,218407.57028654
1522738901.3743534,396.09,218408.18950654
1522738924.865818,396.09,218398.23724993
1522738949.2729387,396.09,218344.40213177
1522738981.5221379,396.09,218286.39890909
1522738989.0906208,396.09,218305.76667316
1522739013.1055772,396.09,218317.77229991
1522739021.024361,396.09,218323.98229991
1522739037.0515792,396.21,218275.93021179
1522739045.047261,396.45,218158.18367159
1522739053.0922966,396.57,218153.97170159
1522739061.120118,396.55,218093.77650159
1522739069.103661,396.07,218110.36745928
1522739149.3175702,395.77,218077.82528395
1522739157.2858481,395.63,218114.57785234
1522739165.1495001,395.63,218114.02302702
1522739180.9228191,395.71,218114.43315465
1522739189.0146585,395.71,218119.80399561
1522739197.0418508,395.51,218173.76728677
1522739204.8758857,395.76,218175.67129816
1522739284.8983126,395.76,218134.50278707
1522739292.8673508,395.91,218134.66197144
1522739349.237066,395.91,218140.56086116
1522739373.0734954,395.64,218040.05852747
1522739380.9315422,395.64,218040.55852747
1522739389.0100975,395.64,218052.58037589
1522739421.0137274,395.64,217898.38754389
1522739428.8651264,395.64,217898.88350793
1522739445.0107183,395.64,217899.46257156
1522739501.0710082,395.38,217876.11785182
1522739565.0145538,395.49,217917.1854735
1522739669.0059507,396.02,218019.80710986
1522739676.9084234,396.08,218020.20710986
1522739732.8928187,395.99,218014.92799524
1522739741.0048923,395.99,218028.85708032
1522739748.8486624,395.99,218031.07650006
1522739757.0737545,396.11,218156.68279947
1522739764.9251134,396.58,218174.23844784
1522739773.3500865,396.79,218173.62744784
1522739804.8532948,396.79,218045.97419266
1522739885.631316,396.79,218018.06756624
1522739900.8559642,396.71,218026.75756825
1522739908.9431925,396.71,218026.75756825
1522739916.873928,396.71,218026.75756825
1522739933.0130649,396.71,218018.89189368
1522739973.1496942,396.71,218020.63157919
1522740004.878893,396.71,217947.25156755
1522740012.95599,396.77,218048.90476755
1522740021.2625291,396.78,218048.90476755
1522740044.9319265,397,218140.26180226
1522740052.944987,396.84,218173.17810226
1522740061.4081624,396.9,218193.17810226
1522740069.0758357,396.93,218181.79087866
1522740076.791831,396.91,218190.07954684
1522740085.7283309,396.99,218152.74269828
1522740116.9197066,396.99,218001.91415994
1522740141.2353618,396.99,217970.57621909
1522740165.085537,396.99,217929.39294909
1522740196.9290788,396.99,217884.65858016
1522740285.0731404,396.99,217553.56603422
1522740293.6328306,396.99,217558.14408645
1522740341.3370879,396.99,217620.07956691
1522740349.0401335,396.9,217633.30815466
1522740357.0934858,396.9,217663.30815466
1522740365.0742297,396.9,217693.22462966
1522740373.0295346,397,217735.45167966
1522740381.1472082,397.05,217737.00697966
1522740389.004845,397.07,217767.00697966
1522740397.3113327,397.07,217801.53266256
1522740405.369758,397.32,217831.48588217
1522740413.0595365,397.32,217868.51113123
1522740421.378798,397.39,217893.37012155
1522740429.3055887,397.39,217896.40284725
1522740445.420231,397.39,218004.15935396
1522740461.0509198,397.48,218226.59563866
1522740469.595173,397.59,218279.10136162
1522740476.9263744,397.87,218325.89813749
1522740501.1212783,398.01,218691.02082772
1522740508.9195476,398,218745.07182772
1522740517.2550428,397.89,218763.69614608
1522740524.9932785,397.91,218754.55345499
1522740557.2903924,397.91,218739.49629058
1522740565.3132703,397.95,218760.05629058
1522740572.949315,397.96,218779.65629057
1522740597.1649668,397.71,218784.94018668
1522740605.0353465,397.71,218772.69676521
1522740645.0413487,397.71,218780.77859063
1522740677.5523539,397.71,218779.35571831
1522740709.158613,397.71,218626.37935921
1522740724.8096013,397.71,218622.78698813
1522740757.0319858,397.71,218599.51297438
1522740821.06636,397.74,218568.49697708
1522740828.8180032,398.07,217956.60361281
1522740837.0927835,398.07,217968.37662183
1522740861.3458874,398.07,217948.43815166
1522740916.9259148,398.07,217934.24711177
1522740933.1454682,398.35,218003.18378387
1522740949.0834587,398.48,218063.58649178
1522740956.8485558,398.48,218064.6260457
1522740965.0446157,398.49,218090.64488254
1522741028.8827708,398.49,218342.06140327
1522741036.7863736,398.64,218365.21873487
1522741044.9021292,398.69,218364.67777487
1522741061.0301223,398.78,218474.69907487
1522741069.000041,398.78,218524.84827585
1522741076.9468243,398.84,218594.66799958
1522741085.1422954,398.85,218630.52799958
1522741124.8027956,398.85,218650.81006933
1522741133.0043807,398.85,218625.08262414
1522741156.8582816,398.88,218765.34107437
1522741164.8697915,398.87,218797.34107437
1522741173.0257416,398.98,218834.45961144
1522741181.086013,398.99,218835.91379813
1522741245.3265533,398.99,219375.83682159
1522741252.9822013,399.03,219279.39328744
1522741261.502186,399.03,219285.30492083
1522741276.9509838,399.07,219313.72286803
1522741285.2314782,399.07,219310.35631603
1522741317.0757794,399.07,219363.84392373
1522741325.032815,398.37,219408.22162461
1522741341.0080583,398.37,219411.21423586
1522741350.009246,398.41,219441.21423586
1522741357.2123826,398.65,219456.61423586
1522741364.9827018,398.73,219490.06924802
1522741405.2449126,398.73,219340.55873555
1522741413.143888,398.73,219341.62990764
1522741436.983898,398.73,219292.54217107
1522741461.2075214,398.73,219213.32193278
1522741468.982421,398.73,219214.80714878
1522741493.3358076,398.25,219310.9622968
1522741501.1563928,398.25,219335.5622968
1522741540.9183447,398.25,218806.1712112
1522741573.0660172,398.25,218220.43561479
1522741605.0387886,398.41,218128.67389166
1522741612.953311,398.78,218122.67389166
1522741621.1591163,398.83,218022.67389166
1522741629.0318952,398.83,217950.91426505
1522741636.910329,398.83,217805.9482812
1522741653.1505766,398.97,217482.72863424
1522741661.064479,399.22,217469.6548682
1522741669.230182,399.22,217439.8106682
1522741685.0304646,399.22,217430.8548682
1522741693.1637821,399.22,217431.6523682
1522741717.0047505,399.22,217407.78611462
1522741740.979905,399.22,217339.15131734
1522741748.8434699,399.22,217110.03256213
1522741756.932786,399.23,216558.95751593
1522741764.9323235,399.35,216399.10602713
1522741773.4373238,399.49,216347.371817
1522741805.233392,399.49,215985.89549402
1522741813.0760791,399.97,216731.57700948
1522741820.9716249,400.8,217526.79561979
1522741829.082094,400.97,217257.58846191
1522741837.124929,401.24,217985.70253974
1522741844.9423127,401.44,218644.34358833
1522741853.3009796,401.19,218695.0971001
1522741861.3019292,401.19,218718.24915236
1522741869.105267,401.84,218726.8451804
1522741876.9389026,401.84,218802.43987474
1522741884.9838252,401.51,218945.03871821
1522741892.809761,401.51,218930.69345333
1522741909.1106536,401.51,219017.02765714
1522741916.9749613,401.52,218986.1848468
1522741932.9359236,401.57,218552.66524818
1522741940.8754961,401.57,218173.62496365
1522741950.0522933,401.69,218206.39624679
1522741957.0458705,401.75,218170.00532523
1522741964.8792279,401.71,218140.41463611
1522741973.1127517,401.14,218148.69489807
1522741981.220631,400.92,218174.33215437
1522741988.959796,400.4,218157.12900942
1522741997.2251046,400.4,218170.24201527
1522742004.823133,400.37,218169.60480359
1522742021.1173565,400.37,217101.33563648
1522742044.918364,400.37,216213.5366452
1522742052.8407276,400.37,215922.12643988
1522742092.905643,400.37,215495.56647342
1522742101.0677016,400.21,215437.01908935
1522742108.9608269,400.24,215158.70200761
1522742116.928856,400.4,215193.80736508
1522742124.9660013,400.58,215250.38693276
1522742132.9268997,400.57,215242.6831489
1522742140.9714358,400.57,215261.03383161
1522742148.9395804,400.57,215355.3153723
1522742156.7725034,400.64,215420.62646528
1522742164.8160088,400.86,215388.68664145
1522742172.8462605,400.84,215390.2931042
1522742181.3164773,400.84,215449.34259261
1522742188.8769248,400.81,215185.91551658
1522742197.323079,400.81,215144.75186985
1522742204.9903169,400.81,215158.49535731
1522742213.0816553,400.9,215216.69828519
1522742221.1904938,400.9,215233.77906008
1522742228.9269903,400.99,215039.76190916
1522742236.8928154,401.03,215033.15089464
1522742244.9714913,401.03,214982.37243048
1522742252.9060426,401.05,214998.19856692
1522742260.987373,401.18,214983.64886457
1522742269.146765,401.18,214943.00655837
1522742276.8092039,401.18,214948.12946215
1522742285.1257017,401.18,214930.81457301
1522742300.8103337,401.18,214854.13639063
1522742324.7268517,401.18,214657.90368222
1522742332.7973175,401.18,214631.86192892
1522742356.988008,401.15,214511.84277378
1522742364.8767054,401.18,214292.87279548
1522742373.1150756,401.18,214176.18394743
1522742420.804083,401.18,213496.63717798
1522742436.859878,401.18,213427.8171142
1522742445.2292712,400.83,213475.78543975
1522742452.9657774,400.84,213452.563116
1522742468.8088548,400.84,213500.73299965
1522742484.9603412,400.62,213569.58028502
1522742493.15493,400.42,213567.51265507
1522742500.820386,400.43,213596.81265506
1522742509.0332105,400.43,213641.53767457
1522742517.0592716,400.43,213646.13767457
1522742549.0321114,400.16,213506.7803373
1522742557.1127572,400.12,213476.91648782
1522742565.16765,400.13,213486.99350611
1522742573.0270193,400.12,213459.5490628
1522742580.9077482,400,213514.70465606
1522742588.9595537,400,213521.83288466
1522742605.109423,400,213531.83162821
1522742637.288717,399.88,213439.33508722
1522742644.9527156,399.79,213420.67144211
1522742653.0666902,399.79,213401.85646431
1522742661.1307256,399.46,213402.67692672
1522742669.0790834,399.47,213378.82156701
1522742677.1563444,399.47,213333.12787044
1522742709.4991817,399.47,213332.25692302
1522742716.9071293,399.47,213335.50530505
1522742741.105944,399.47,213354.56750059
1522742764.9385593,399.47,213357.35738626
1522742772.9111075,399.34,213397.11953866
1522742781.230646,399.34,213399.86405223
1522742789.672919,399.34,213402.62669671
1522742805.104706,399.34,213396.90458139
1522742892.949349,399.42,213168.52868373
1522742901.5531125,399.42,213066.7751322
1522742909.099729,399.42,212984.40647057
1522742932.8820305,399.52,212705.0417541
1522742941.0586174,399.6,212597.15955656
1522742949.2987235,399.55,212597.15955656
1522742956.7627697,399.64,212587.84119092
1522742972.9106019,399.69,212649.10052849
1522742989.1070752,399.69,212643.33076349
1522742996.9954255,399.69,212613.85218296
1522743005.0987594,399.78,212642.20037284
1522743020.84052,399.78,212623.23631357
1522743044.8398335,399.99,212582.61399912
1522743052.8290882,399.99,212676.06245067
1522743061.499136,399.9,212676.06245067
1522743068.9700305,399.9,212673.91739127
1522743085.0477245,399.99,212696.77509368
1522743093.0588772,399.99,212690.98265199
1522743101.2032344,399.99,212691.80103924
1522743108.92108,399.99,212692.60439924
1522743132.9480875,399.99,212658.37917296
1522743140.804168,400.09,212741.63920828
1522743157.1654031,400.11,212671.7004143
1522743181.8356628,400.11,212692.59692745
1522743212.911079,400.11,212573.05167561
1522743220.8883283,399.81,212580.55304662
1522743228.991006,399.7,212580.95304662
1522743237.0365324,398.98,212596.0685781
1522743244.8126807,399.56,212725.30999323
1522743252.8702428,399.68,212731.2691025
1522743260.8730242,399.78,212732.17956939
1522743269.1205163,399.78,212732.17956939
1522743276.882755,399.83,212701.55258845
1522743284.9848979,400.08,212625.06887227
1522743292.9400623,400.09,212625.06887227
1522743300.784122,400.09,212591.9093032
1522743308.9956434,400.23,212684.12041856
1522743333.033809,400.23,212795.871483
1522743340.9369063,400.48,212795.19232035
1522743365.0692098,400.58,212669.27039392
1522743372.7803683,400.58,212686.68300052
1522743381.015009,400.53,212665.95420523
1522743388.9734619,400.53,212704.35342157
1522743397.119906,400.59,212814.52429534
1522743428.8583093,400.67,212864.16725301
1522743437.1206636,400.69,212949.43578266
1522743477.234277,400.74,212898.9050579
1522743485.0604029,400.74,212901.41086935
1522743501.083797,400.74,212893.28331823
1522743509.1068635,400.86,212975.39625023
1522743516.947614,401.37,213017.81771796
1522743525.0277658,401.46,212988.51597555
1522743541.3874476,401.46,212989.10812675
1522743549.33492,401.49,213016.60058644
1522743556.7354915,401.56,213016.99127114
1522743564.792874,401.56,213014.27565114
1522743573.0252872,401.62,213050.7972179
1522743580.9731474,401.81,212989.63677175
1522743620.8575976,401.81,212962.92454106
1522743628.9401603,401.88,213002.60844942
1522743636.7618575,401.9,212999.61501534
1522743668.8229098,401.9,212752.29748897
1522743692.8470137,401.9,212760.31868117
1522743708.9869812,401.9,212498.87425779
1522743733.2272437,401.95,212538.77852595
1522743749.1867945,401.95,212538.83558468
1522743756.8091333,401.95,212543.45687338
1522743773.6355414,401.95,212552.09417318
1522743781.2300723,401.95,212552.43881858
1522743845.0165644,401.95,212504.28955318
1522743861.284917,401.95,212520.059827
1522743869.1457617,401.95,212520.159827
1522743885.6225388,401.95,212521.66495703
1522743901.0081422,401.95,212537.9875263
1522743908.9991531,402.27,212546.77456436
1522743917.1149094,402.28,212336.55170956
1522743932.8658593,402.24,212321.17424453
1522743941.5212817,402.24,212321.14434352
1522744004.9650462,402.12,211872.6225574
1522744012.907294,402.13,211872.6225574
1522744037.5417662,402.39,211906.79005271
1522744045.006811,402.35,211752.23098124
1522744061.389967,402.29,211813.03195962
1522744076.919397,402.29,211862.62682274
1522744085.1049216,402.29,211869.06490594
1522744092.7877831,402.12,211826.87990886
1522744101.062851,402.12,211826.91894422
1522744108.8517594,402.12,211805.56246553
1522744125.443164,402.12,211666.13373263
1522744149.2977164,402.21,211643.34569529
1522744157.114777,402.21,211582.66232392
1522744212.8371992,402.01,211510.77034085
1522744221.6950102,402.01,211477.95821946
1522744244.7926679,402.01,211458.21992105
1522744261.1922936,402.01,211379.71256209
1522744269.0594068,401.31,211474.45920674
1522744277.230537,401.32,211454.57947042
1522744309.0281217,401.15,211484.23017515
1522744316.8968232,401.01,211653.85298976
1522744325.1209774,401.01,211769.74123175
1522744332.8867407,401,211798.05330518
1522744357.3473244,400.95,211819.12111161
1522744365.2324748,400.27,211819.09702685
1522744372.7996485,400.26,211766.25002463
1522744381.208636,400.29,211887.66821463
1522744388.7822814,400.34,211897.66821463
1522744396.860477,400.34,211898.77249919
1522744420.953185,400.24,211908.97857689
1522744428.9007611,400.24,211915.98855195
1522744437.2320166,400.24,211942.06088987
1522744445.2268734,399.66,211946.94966792
1522744453.3001509,399.66,211921.81292749
1522744460.807525,399.66,211922.01673259
1522744469.0055373,399.66,211921.84716143
1522744516.7594702,399.66,211790.07155185
1522744604.7482557,399.6,211591.2402509
1522744613.0408258,399.63,211621.2402509
1522744621.1608891,399.66,211576.8318719
1522744644.755781,399.66,211589.30938733
1522744661.2987468,399.61,211653.77484253
1522744668.926827,399.65,211650.77812244
1522744677.0715442,399.65,211648.89137032
1522744692.7910342,399.74,211665.70757686
1522744700.8821843,399.78,211680.61889874
1522744709.146074,399.87,211660.72654887
1522744724.9108286,399.87,211658.01170936
1522744733.3399634,399.87,211669.79722507
1522744748.9279623,399.88,211724.72136422
1522744757.0289254,400.24,211786.71519085
1522744764.7090507,400.38,211791.00390585
1522744773.1277218,400.46,211793.80889995
1522744780.901798,400.49,211789.09563543
1522744788.7041469,400.5,211781.93267603
1522744796.755903,400.5,211786.84869394
1522744805.0763721,400.5,211790.16995825
1522744812.782523,400.68,211789.15612106
1522744821.0512514,400.64,211723.91736168
1522744828.7968867,400.66,211722.62637868
1522744869.1124017,400.66,211719.97949129
1522744892.7860162,400.66,211711.06877156
1522744909.1167333,400.66,211711.4614065
1522744924.943092,400.66,211712.63565292
1522744940.8733385,399.79,212219.31507271
1522744949.6579764,399.8,212524.74563756
1522744956.8841233,399.82,212526.87508756
1522745005.165118,399.82,212447.08734653
1522745028.9722705,399.32,212528.93922895
1522745037.1065547,398.95,212529.03922895
1522745044.9826636,398.94,212529.03922895
1522745060.9856856,399.12,212624.06438657
1522745068.781452,399.2,212554.71174181
1522745077.145271,399.22,212554.71174181
1522745092.7653496,399.22,212300.99287413
1522745116.9408114,399.22,212222.01949851
1522745124.8941984,399.22,212226.78089485
1522745132.8636405,399.26,212238.62715067
1522745140.741732,399.3,212226.33694139
1522745148.8412352,399.32,212205.54719372
1522745156.7653134,399.43,212099.51193435
1522745172.8425434,399.43,211996.95155534
1522745197.0747292,399.43,211462.68459282
1522745221.0830634,399.43,211493.76312015
1522745244.7962036,399.43,211214.98951509
1522745253.224192,399.03,211219.73257509
1522745261.2792268,399.03,211228.29329264
1522745293.002077,399.03,211208.33381503
1522745317.0260196,399.03,211191.4688083
1522745340.997602,399.29,211015.03148511
1522745348.9956968,399.31,211015.27384147
1522745357.006241,399.39,210985.69386198
1522745364.9201005,399.39,210985.23969353
1522745404.9972818,399.39,210194.24890511
1522745413.2992485,399.48,210177.75575124
1522745421.092324,399.51,209973.72442956
1522745437.268708,399.51,209960.03552574
1522745500.8507826,399.51,209584.97382173
1522745516.9448602,399.51,209534.63822745
1522745525.1212075,399.51,209534.42496055
1522745596.9409513,399.51,209014.62822546
1522745604.8978841,399.61,208967.96852633
1522745612.7580528,399.61,208959.14168888
1522745628.921144,399.61,208726.98111713
1522745644.8698227,399.61,208679.8612775
1522745684.7845068,399.61,208428.56972904
1522745709.0182517,398.68,209031.74292919
1522745716.935724,398.68,209010.26643483
1522745724.992322,398.68,209012.46373483
1522745740.7763236,398.21,209104.52105566
1522745749.301942,398.21,209104.37189799
1522745780.993881,397.67,209172.92289639
1522745788.812228,397.72,209143.11901673
1522745812.8106031,397.85,209029.55267581
1522745821.0737321,397.93,208979.14371743
1522745828.852922,398.16,208979.14371743
1522745852.997069,398.16,208905.3792429
1522745925.0474577,398.16,208505.63442047
1522745932.9070127,398.21,208298.59264229
1522745973.1501458,398.5,207526.80857175
1522745980.7715428,398.5,207496.51931343
1522746013.2497878,398.72,207330.32578081
1522746021.0155385,398.98,207217.28218977
1522746037.0203593,398.99,207337.83653689
1522746044.9614246,398.98,207266.55144548
1522746052.8907413,398.51,207290.22844973
1522746061.029714,398.51,207254.37097691
1522746077.0035815,398.11,207141.71568757
1522746084.9273179,398.11,207130.26685794
1522746109.168566,398.45,207140.46365823
1522746141.1951582,398.45,207048.30605236
1522746149.6551836,398.45,207036.40605236
1522746181.218553,398.45,207029.80201449
1522746213.0059502,398.45,207011.97663556
1522746277.4624953,398.45,206966.62059133
1522746285.0845091,398.45,206729.80853475
1522746325.0153854,398.12,206739.05639106
1522746332.9550607,398.12,206711.18395571
1522746340.9703603,397.51,206921.15962819
1522746348.9203136,397.53,206822.0387981
1522746357.1076798,397.53,206695.45319451
1522746389.0480576,397.53,206650.27025706
1522746397.0490108,397.53,206651.07467024
1522746429.172168,397.53,206544.53264832
1522746444.9385486,397.53,206480.93095059
1522746501.1099455,397.53,206421.23573345
1522746517.0795975,397.77,206474.89111467
1522746524.8560905,397.99,206618.31698597
1522746533.0673468,398.47,206663.46309019
1522746541.0157168,398.96,206663.07234458
1522746549.0415664,398.98,206605.38110367
1522746556.8939786,398.98,206625.78037563
1522746573.0190713,399.07,206581.17334914
1522746580.9696436,399.23,206581.32958171
1522746597.3348727,398.81,206630.32457342
1522746612.9044685,398.81,206577.75149706
1522746629.0219395,398.81,206155.73287169
1522746644.9520624,398.24,206163.88666106
1522746652.8877692,398.36,206161.09083473
1522746661.2777758,398.36,206161.09192473
1522746685.0770113,398.36,206121.41445779
1522746711.6063774,398.36,205921.00391905
1522746724.8764138,398.69,205839.41491905
1522746732.8946297,398.65,205726.92691905
1522746741.0000417,398.72,205685.28747637
1522746757.1471856,398.72,205718.73815576
1522746764.8664975,399.08,205716.09543285
1522746773.2280278,399.17,205868.05354449
1522746781.4478965,399.17,205880.8791456
1522746804.9416108,399.17,205871.07208714
1522746869.0114331,399.17,205899.75036602
1522746876.9824774,399.17,205896.16687602
1522746989.2344556,399.17,205674.43080505
1522747013.115727,399.17,205684.5554817
1522747187.692114,399.15,205882.28629324
1522747188.9133408,399.15,205882.358916
1522747205.1791654,399.15,205872.8810183
1522747213.15401,399.11,205912.66701594
1522747222.2022288,398.72,205936.68601594
1522747228.9664333,398.72,205928.04305879
1522747237.2011893,398.72,205906.68479495
1522747253.035157,398.72,205902.61748322
1522747277.1889355,398.72,205902.76288322
1522747301.0052738,399.17,205849.95421027
1522747309.3916364,399.16,205806.19101079
1522747316.943473,399.19,205790.97020419
1522747325.676965,399.19,205734.56655337
1522747332.9987473,399.19,205709.80498161
1522747365.2610583,399.19,205695.44390291
1522747381.0771594,399.19,205696.5405794
1522747397.272642,399.19,205678.14849713
1522747404.8583384,399.49,205647.83998917
1522747412.9991977,399.54,206341.62555419
1522747421.0968788,399.95,206315.83399809
1522747445.005641,399.95,206188.07127174
1522747517.1766608,399.96,206208.28756672
1522747524.9136057,399.54,206238.08756672
1522747532.9857724,399.54,206246.72024804
1522747557.2356646,399.33,206256.4868304
1522747565.1196964,399.33,206254.44998458
1522747573.1135635,399.49,206280.4438304
1522747581.4792411,399.63,206280.4634684
1522747588.9576626,399.77,206315.4634684
1522747596.9421992,399.87,206315.0134684
1522747612.9832032,399.87,206330.97969717
1522747636.9269223,399.87,206305.712025
1522747645.0305138,399.87,206315.7995336
1522747653.0973568,399.89,206365.51370837
1522747660.958951,399.96,206401.1434437
1522747669.0056572,399.97,206422.71556033
1522747677.381748,399.99,206450.16725096
1522747685.1060197,400.14,206450.46725096
1522747693.0778487,400.59,206496.09991976
1522747701.1690805,400.68,206486.46732587
1522747717.1417415,400.73,206556.21939535
1522747724.889383,401.01,206558.03242502
1522747733.0055306,401.01,206557.22513038
1522747740.9890647,401.01,206556.60522254
1522747748.945203,401.01,206607.64786013
1522747764.8958924,401.01,206419.22282782
1522747773.0146232,401.02,206431.27470511
1522747781.4289656,401.19,206362.48013618
1522747788.9960005,401.24,206362.48013618
1522747797.034808,401.24,206359.22693618
1522747821.109921,401.42,206399.99559651
1522747829.2097104,401.42,206411.52605672
1522747853.0951815,401.59,206513.72867257
1522747861.2133482,401.6,206492.21965556
1522747876.918649,401.63,206507.27657065
1522747884.97242,401.66,206518.78913803
1522747901.418629,401.66,206436.25127679
1522747908.96988,401.79,206438.05127679
1522747917.0573707,401.79,206422.98598532
1522747925.0129092,401.88,206462.45939283
1522747933.20376,401.88,206463.07463016
1522747949.530448,401.88,206453.51853904
1522747957.022984,401.88,206444.04711549
1522747964.9039552,401.88,206474.84050574
1522747973.0971062,401.88,206476.26381374
1522747981.331099,401.88,206467.71241374
1522747988.9712615,401.89,206491.50588387
1522748005.9763043,402.02,206645.79860234
1522748013.935107,402.03,206645.7060813
1522748020.8386445,402.03,206649.88816727
1522748029.481636,402.03,206658.38731929
1522748069.2447965,402.03,206614.00234641
1522748077.1328554,402.03,206623.90987333
1522748084.8404405,401.84,206608.07641333
1522748093.0909026,401.82,206594.51401471
1522748100.942508,401.84,206596.02010935
1522748125.7359006,402.04,206675.46403259
1522748133.345809,402.04,206692.65958066
1522748140.905745,402.04,206674.53313016
1522748148.9125195,402.33,206690.57405796
1522748157.1256375,402.34,206646.08956778
1522748164.903695,402.34,206575.08426428
1522748173.0994213,402.35,206364.12272657
1522748180.8999152,402.35,206372.17590613
1522748189.0785491,401.81,206315.94889074
1522748196.8581605,401.9,206316.39409935
1522748205.2804112,401.81,206327.22782232
1522748213.143054,401.84,206328.02782232
1522748220.9243164,401.82,206315.20824678
1522748229.2053156,401.82,206359.5060596
1522748237.0726602,401.86,206369.45761218
1522748244.881462,401.9,206409.62636675
1522748253.0530717,402.03,206396.45603875
1522748260.9416807,402.09,206452.70529875
1522748268.8417902,401.8,206480.70880467
1522748285.2008932,401.21,206655.73423947
1522748293.008503,401.21,206705.70355678
1522748301.2556493,401.52,206892.02136338
1522748308.754335,401.63,206894.52976128
1522748324.8630126,401.39,206945.82427057
1522748333.512807,401.4,207016.14765266
1522748341.3697174,401.78,207020.54125286
1522748349.1559336,401.78,207025.94559207
1522748357.078974,401.78,207030.13285591
1522748365.126337,401.73,207040.20574943
1522748373.0259955,401.38,207046.42396943
1522748381.179329,401.4,207050.90194756
1522748404.861289,401.59,207131.43065749
1522748413.1293912,401.61,207143.73502167
1522748421.2830229,401.7,207175.48999948
1522748429.03132,401.98,207228.68343382
1522748436.8836768,402.31,207270.07534402
1522748445.1897244,402.31,207275.64163402
1522748452.9839709,402.42,207304.68703402
1522748461.1933486,402.13,207283.21328796
1522748476.9797838,402.28,207173.5367756
1522748485.0582922,402.28,207169.1347656
1522748509.074973,402.28,207241.68355874
1522748517.2424076,402.51,207230.10753181
1522748525.1954806,402.51,207259.11048324
1522748532.8912938,402.42,207294.99658407
1522748549.1761336,402.41,207319.94201564
1522748565.5007398,401.9,207465.43760728
1522748572.8616507,401.4,207521.97804887
1522748581.6109543,401.36,207502.84288729
1522748589.042118,401.36,207503.75743091
1522748597.0197597,401.38,207559.39492679
1522748605.0585506,402.19,207587.98743525
1522748613.0347388,402.15,207572.71118683
1522748621.4348962,401.46,207646.69101967
1522748629.0211058,401.4,207606.38164257
1522748637.2394903,401.38,207612.111787
1522748644.9489784,401.38,207546.948013
1522748653.3992484,401.81,207557.36713722
1522748661.1954396,401.82,207557.61656722
1522748669.0760705,401.82,207560.86160874
1522748676.9786875,401.82,207564.06931873
1522748685.3595843,401.56,207584.6888545
1522748693.290067,401.6,207634.6888545
1522748701.1366796,401.7,207733.3493258
1522748709.0475645,401.88,207818.64005022
1522748717.056355,402.24,207920.60983927
1522748725.1018867,402.4,207967.68919492
1522748733.0094259,402.39,208018.80373205
1522748740.9573333,402.31,208080.08618131
1522748748.9873722,402.15,208048.56681297
1522748758.4691253,402.15,208059.68509989
1522748765.0612233,402.34,208151.75515499
1522748781.3554008,402.34,208188.6340857
1522748789.1231377,402.34,208183.0589363
1522748797.136813,402.3,208263.80505031
1522748805.166038,401.95,208370.59392071
1522748813.0974967,402.12,208386.11116337
1522748821.7206597,402.27,208383.32125405
1522748845.358963,402.38,208349.66985124
1522748853.1594849,402.38,208388.54225067
1522748861.1595452,402.48,208486.25782756
1522748869.1637118,402.5,208516.58337263
1522748877.0697823,402.61,208516.58337263
1522748885.0296996,402.61,208522.5697717
1522748893.1493714,402.61,208500.75961623
1522748900.9317691,402.61,208521.85632359
1522748924.9862287,402.61,208487.73062904
1522748941.4204526,402.61,208504.02267707
1522748949.0876064,402.61,208502.02267707
1522748957.5558863,402.61,208541.47506844
1522748965.0777004,402.61,208538.88541025
1522748981.327281,402.31,208645.80285692
1522748989.0019264,402.31,208694.98218595
1522748997.2862654,402.02,208727.88783455
1522749005.228222,401.78,208788.72562304
1522749021.128886,401.78,208813.98583853
1522749029.234331,401.78,208813.42585289
1522749037.018303,402.15,208813.60366173
1522749053.6390054,402.01,208852.86171804
1522749061.4672348,402.01,208889.38442561
1522749069.8408844,401.91,208949.02182547
1522749077.066359,401.91,208940.43573819
1522749092.949241,402.39,209105.18685076
1522749101.2965944,402.39,209111.17831741
1522749108.9605567,402.04,209066.31673263
1522749117.1380358,402.24,209203.36020704
1522749125.0354269,402.26,209346.25918055
1522749133.0912247,402.4,209356.149723
1522749141.022529,402.13,209720.89525712
1522749149.3542721,402.4,209736.70327628
1522749156.9933417,402.57,209743.55427628
1522749165.0886786,402.54,209773.24847628
1522749172.9258816,402.53,209772.30317628
1522749213.0225587,402.53,209814.88128217
1522749221.0111976,402.46,209833.26595952
1522749245.0045233,402.42,209882.80729579
1522749276.9464276,402.42,209888.75052904
1522749285.1967025,402.42,209885.38580164
1522749293.115095,402.41,209883.22580164
1522749301.1055238,402.01,209972.11380164
1522749308.926736,402.01,209982.64084901
1522749324.9459064,402.26,210036.06236166
1522749332.9069595,402.27,210036.26606166
1522749341.335034,402.27,210099.36514596
1522749359.2105277,402.27,210100.96514596
1522749380.8913486,402.27,210138.43945595
1522749389.2051806,402.21,210138.43945619
1522749397.0329,402.21,210140.03945619
1522749404.8862882,402.14,210140.28095233
1522749413.0190747,402.14,210200.54145558
1522749421.293343,402.14,210199.13063795
1522749508.980469,402.14,210181.98103934
1522749516.9404688,402.26,210242.20934225
1522749524.83787,402.4,210260.44305758
1522749532.916553,402.53,210413.23231917
1522749541.5765872,402.55,210416.95241917
1522749548.8679373,402.55,210500.8574464
1522749556.889438,402.54,210501.6574464
1522749564.981996,402.54,210506.73951822
1522749581.2631145,402.5,210574.53360291
1522749596.9951396,402.08,210646.40605327
1522749605.2237985,402.05,210627.80944304
1522749612.9678829,402.07,210648.11409231
1522749621.1452494,402.25,210607.72994004
1522749628.9738297,402.42,210543.81292374
1522749637.0385025,402.43,210535.08592862
1522749669.0481005,402.43,210496.97532995
1522749677.0721142,402.43,210494.70822193
1522749708.9404554,402.43,210486.1225506
1522749733.009609,403.02,211068.56203444
1522749740.9673095,403.32,211087.5406456
1522749750.469351,404.15,212335.33800973
1522749756.9637299,404.12,212374.59579635
1522749765.1343257,404.1,212297.00374482
1522749772.987166,404.1,212213.24466737
1522749781.0869908,403.7,212197.34080315
1522749789.06173,403.7,212102.68585691
1522749813.1468797,403.6,212075.65650681
1522749821.3606253,403.45,212034.72810581
1522749829.1095743,403.45,211969.72810581
1522749837.376648,403.46,211951.00625581
1522749845.0101762,403.46,211967.00625581
1522749853.044459,403.46,211960.08025581
1522749885.2022846,403.46,211912.12102074
1522749893.0598035,403.46,211912.22327974
1522749901.2780943,403.46,211912.22327974
1522749909.5082605,403.24,211910.37946949
1522749917.5046124,403.25,211950.48046949
1522749933.0043595,403.25,211957.93492473
1522749956.9564369,403.41,212005.78835593
1522749965.2792654,403.26,212005.78835593
1522749973.1041718,403.4,212006.13250263
1522749981.4974642,403.46,212006.49232493
1522749989.0466425,403.76,212033.57232493
1522749997.0696876,403.75,212037.12353222
1522750005.4689007,403.84,212037.4485381
1522750013.076338,403.84,212038.62911058
1522750029.0272708,403.84,212039.13091248
1522750092.9574842,403.55,211935.60028694
1522750101.2230809,403.55,211970.80172267
1522750109.082378,403.99,211971.13997589
1522750229.0604818,403.99,211853.98942721
1522750236.8478653,403.99,211863.60661517
1522750244.9714687,403.99,211876.12151517
1522750277.5147438,403.99,214926.53936615
1522750285.3772366,403,214966.36041615
1522750301.0426488,403,215105.58453042
1522750309.1631634,402.56,215171.54939132
1522750316.8480723,402.55,215127.58611473
1522750365.0027523,402.55,215052.83249462
1522750381.1759,402.34,215257.56258225
1522750413.3839262,402.71,215294.03402118
1522750420.8947227,403.36,215470.66392853
1522750429.3830826,403.59,215483.54968728
1522750445.1402156,403.64,215501.04866386
1522750452.9902391,403.99,215507.84855986
1522750485.058954,403.99,215553.76175055
1522750493.090143,403.99,215558.80165055
1522750500.8300438,403.99,215581.0220782
1522750524.817898,403.99,215623.48947644
1522750533.2139919,404.43,215854.83954783
1522750541.0730515,404.71,215879.41651306
1522750549.1664267,404.71,215871.88944218
1522750556.796929,404.2,215931.936392
1522750564.963529,404.21,215932.633196
1522750580.843701,404.21,215929.94484382
1522750597.0557153,404,215981.75664549
1522750604.7844088,404,215986.25664549
1522750613.2070622,403.71,216028.38884549
1522750621.3609183,403.71,216036.05040069
1522750653.0987277,403.71,216015.19068407
1522750693.0893703,403.71,215368.89522764
1522750701.0121138,403.83,215242.44642293
1522750709.4382596,403.85,215222.48642293
1522750717.0460775,403.85,215277.48642293
1522750733.1343262,403.85,215263.39599105
1522750740.7758615,403.9,215216.39599105
1522750748.865764,403.9,215153.05691504
1522750757.1328156,403.96,215098.69703402
1522750764.9820988,403.96,215032.14763502
1522750789.1907454,403.96,214994.06181106
1522750796.9138548,403.99,215008.21181106
1522750813.082242,403.99,214955.39511337
1522750821.150785,403.99,214979.47263387
1522750837.1181226,403.99,214993.62492887
1522750844.9115548,403.99,214944.53578987
1522750885.3113456,403.99,214646.472195
1522750893.2711322,403.99,214546.48000397
1522750916.8277204,403.99,214459.09986543
1522750933.361962,403.99,214459.84970535
1522751021.352508,403.99,214445.01145923
1522751045.1127965,403.99,214445.56145923
1522751052.8674612,403.99,214445.96365663
1522751084.9849403,403.99,214434.20643254
1522751117.4273257,403.99,214436.4066515
1522751141.1553876,403.99,214448.7010414
1522751189.0877526,403.99,214470.74014864
1522751205.0384936,403.99,214474.51674865
1522751228.981133,403.99,214442.90777175
1522751245.4623265,403.99,214423.4427618
1522751269.0242183,403.99,214411.27505714
1522751333.0317748,403.14,214493.15269807
1522751341.0363584,403.15,214492.92705322
1522751357.3496318,403.15,214458.09990427
1522751365.081945,403.03,214457.49990427
1522751396.921798,403.02,214439.23467916
1522751405.058932,403.02,214287.1079308
1522751436.8906746,403,214278.64556289
1522751445.1795554,402.82,214308.64556289
1522751461.3160217,402.82,214295.17123677
1522751469.2009103,402.82,214295.27490201
1522751477.0006816,402.34,214347.87790201
1522751484.9756129,402,214357.5926667
1522751493.2231824,401.4,214542.73059392
1522751501.089644,401.18,214599.26361482
1522751508.9864326,400.91,214743.45781445
1522751517.3725228,400.53,214948.73410714
1522751524.9716454,400.53,215006.65763984
1522751533.3471677,400.01,215131.5376151
1522751541.4717932,400.37,215157.90476532
1522751549.3247092,400.4,215176.5942252
1522751557.0741796,400.4,215185.19219167
1522751573.0204363,400.4,215231.06021268
1522751581.0502522,400.07,215325.00704479
1522751589.2482994,400.01,215319.98999479
1522751613.3868515,400,215471.19130772
1522751637.2008505,398.37,216640.00337583
1522751644.9826148,397.69,216733.16372116
1522751653.4152088,398.09,216936.82842588
1522751661.0953486,397.41,217116.71030476
1522751669.1112337,397.96,217324.71551862
1522751677.0581207,398.25,217341.11551862
1522751685.5587075,398.28,217345.46354158
1522751693.0224776,398.42,217407.49971028
1522751700.965522,398.53,217422.64146028
1522751709.157285,398.53,217413.54387235
1522751716.9915376,398.23,217467.89298744
1522751724.865814,398.11,217506.22302744
1522751732.8772714,398.26,217508.02302744
1522751740.9524777,398.4,217510.78266731
1522751749.0974023,398.4,217511.02486731
1522751773.0920596,398.41,217872.92625373
1522751780.9483004,398.41,217871.27528293
1522751805.0324502,398.41,217971.97363788
1522751813.0792348,398.72,217984.9131268
1522751820.886173,398.72,218021.84299231
1522751828.9032745,398.72,218028.09821378
1522751852.872878,398.72,217815.22364602
1522751860.9895482,398.98,217815.19272955
1522751869.1877983,398.98,217793.84321763
1522751877.126813,399.25,217793.08321763
1522751885.0929751,399.25,217793.11933079
1522751909.0219176,399.25,217813.11933079
1522751916.8729048,398.92,217864.88735624
1522751924.8051677,398.71,217865.88735624
1522751933.1112664,398.75,217865.88735624
1522751941.3152359,398.75,217869.50666832
1522751949.060824,398.75,217868.94182436
1522751980.925079,398.75,217885.17570272
1522751996.9505477,398.28,217929.72384122
1522752004.9156888,397.99,217953.14404327
1522752029.001978,397.99,217895.36404327
1522752045.1836514,397.99,217872.96404327
1522752109.0262644,397.99,217508.91000812
1522752116.991669,397.99,217370.51817288
1522752124.927815,398.12,217395.45320418
1522752141.0742593,398.12,217642.93627188
1522752149.5055575,397.53,217654.39542746
1522752157.0445583,397.6,217705.61766216
1522752164.9532762,397.61,217777.47000216
1522752204.980731,397.61,217833.54048934
1522752222.4121432,397.61,217833.89244456
1522752261.1539106,397.62,217779.05959382
1522752293.0094771,397.62,217773.75808552
1522752365.0023837,397.62,217728.34829675
1522752373.2928474,397.59,217740.29829675
1522752381.0277803,397.59,217742.29829675
1522752389.36165,397.59,217761.21186039
1522752397.3975675,397.55,217788.1972343
1522752405.2762628,397.55,217788.68453114
1522752413.3312705,396.97,217817.43224412
1522752421.3091872,396.68,217842.37244888
1522752429.2219462,396.76,217842.70514888
1522752437.3453867,396.76,217841.44006938
1522752453.0576456,396.76,217917.67297378
1522752477.2949178,396.76,217927.54624442
1522752485.5614011,396.47,217932.30916081
1522752493.1627188,396.47,217932.75647507
1522752501.1220348,396.47,217975.35192365
1522752509.0500486,396.74,218005.62053561
1522752517.2857127,396.42,218006.89192984
1522752525.0265937,396.37,218043.52192984
1522752533.221365,396.16,218043.99222984
1522752541.44963,396.18,218041.98222984
1522752549.3769984,396.68,218041.78719812
1522752557.3749952,396.68,218044.11073572
1522752565.2128732,396.68,218071.33699704
1522752589.4787083,396.68,218024.73755382
1522752605.4929554,396.68,218023.86391366
1522752620.978092,396.68,218015.17871026
1522752637.117186,396.68,217795.35440101
1522752685.2902331,396.69,216938.77051968
1522752693.344785,398.2,217049.25585758
1522752701.076153,398.22,217105.75317819
1522752709.3224802,398.38,217127.1064609
1522752716.9773054,398.41,217167.25389345
1522752725.217442,398.06,217163.67488337
1522752732.9225466,398.36,217187.20226215
1522752749.414423,398.36,217180.3331179
1522752756.9908829,398.38,216668.87799273
1522752773.1274948,398.41,215029.42879188
1522752781.4516964,398.51,215042.58274838
1522752789.1099784,398.15,214986.33274838
1522752804.8737009,398.16,214940.43086361
1522752813.016348,398.23,214897.96583136
1522752821.0538168,398.24,214894.06825849
1522752828.997978,398.24,214885.08019264
1522752853.0627096,398.24,214858.85120504
1522752861.324209,398.24,214856.98548384
1522752908.9755366,398.24,214858.17944481
1522752933.174461,398.24,214861.38080545
1522753037.0321147,397.74,214913.26872888
1522753045.0829384,397.74,214913.26872888
1522753060.9443111,398.24,214934.50948153
1522753093.1217554,398.24,214866.29849945
1522753132.9690268,398.24,214551.9049795
1522753148.9042592,398.24,214553.02432222
1522753172.896515,398.24,214153.62364253
1522753188.8845835,398.24,214229.69298001
1522753196.8105073,398.07,214204.6576826
1522753205.0049648,398.13,214205.93266218
1522753213.0915003,398.13,214259.03367619
1522753229.076494,398.13,214239.12302777
1522753236.9811559,398.13,214240.84784198
1522753252.9243035,398.62,214324.01617302
1522753261.148134,398.75,214321.32728014
1522753268.9756272,398.9,214325.01005789
1522753276.9704065,398.9,214332.75405789
1522753285.2232342,398.97,214345.91139853
1522753293.2703278,398.97,214333.14619156
1522753309.1445084,398.97,214325.40349237
1522753317.1016505,398.97,214312.40090286
1522753324.997191,398.98,214434.05855581
1522753333.000119,399.29,214431.46935065
1522753357.2122617,399.29,214508.93925125
1522753365.3923018,398.99,214532.77984733
1522753373.1643183,398.98,214532.77984733
1522753437.0578563,398.98,214522.83850767
1522753461.1065142,398.98,214512.16009422
1522753469.3758657,398.98,214511.21151447
1522753493.3228223,398.99,214514.15299852
1522753525.2325468,399.07,214506.33443428
1522753533.140102,399.08,214506.29035428
1522753541.5283942,399.09,214506.29035428
1522753573.0466204,399.09,214485.1068486
1522753589.1964517,399.09,214497.93402304
1522753597.2515593,399.09,214499.33052601
1522753629.1454601,399.09,214381.33725183
1522753636.852956,399.09,214392.13355183
1522753709.178165,399.09,214409.71534757
1522753716.930628,399.09,214410.61759757
1522753733.6403244,399.19,214441.70029757
1522753780.9070475,399.19,214445.45765157
1522753813.5355525,399.19,214445.52129973
1522753853.352326,399.19,214328.57011856
1522753892.9894536,399.19,214132.70973427
1522753924.9507644,399.19,214097.40899207
1522753932.9193707,399.19,214091.54899207
1522753949.8072283,399.19,214075.34262305
1522753989.1631255,399.19,214032.34703339
1522754036.9510844,399.19,213767.61504049
1522754220.840952,399.09,213091.41315799
1522754228.871385,399.09,213091.38783512
1522754236.9590013,399.09,213088.7896173
1522754245.1409328,399.09,213093.9119836
1522754260.894445,399.09,213080.1309836
1522754269.361911,399.09,213078.56958839
1522754276.847801,398.98,213101.24552839
1522754284.8411696,398.98,213110.37341326
1522754292.999363,398.98,213110.47341326
1522754333.0166714,398.98,213128.25609836
1522754413.235199,398.98,212903.72268107
1522754429.190727,398.98,212898.89803818
1522754452.966549,398.98,212898.83969621
1522754461.1387875,399.21,213116.80696099
1522754469.140916,399.31,213135.80696099
1522754477.156405,399.31,213116.03964613
1522754492.9039307,399.31,213098.29744931
1522754509.0701559,399.31,213133.95691118
1522754516.9507804,399.31,213118.9937075
1522754524.9335747,398.99,213169.75397294
1522754533.077457,399.19,213188.25340294
1522754540.954977,398.99,213175.14713294
1522754549.90711,398.99,213139.31961635
1522754556.864191,398.99,213166.08639023
1522754565.0682573,399.09,213172.63014879
1522754572.979344,399.03,213182.08408439
1522754581.4594898,399.03,213187.28298483
1522754589.076727,399.03,213186.84357483
1522754620.8868606,398.4,213177.17395662
1522754636.9143434,398.4,213151.84013667
1522754645.1260378,398.4,213150.24013667
1522754701.6947074,398.4,213088.97422562
1522754709.2033515,398.4,213086.90902312
1522754749.368414,398.4,213026.55260694
1522754765.7997277,398.4,213032.71039449
1522754781.063808,398.4,213030.42037741
1522754789.30654,398.4,213027.26405175
1522754805.0503128,398,213243.39323448
1522754813.0662,398.02,213052.031669
1522754820.910672,398.02,213041.696669
1522754829.1536171,398.02,212911.71754239
1522754861.0857253,398.2,212904.68480092
1522754869.1413975,398.27,212811.61263276
1522754877.4491208,398.35,212782.96409471
1522754885.0315979,398.36,212757.51959
1522754924.993202,398.36,212647.93259458
1522754989.0997949,398.36,212585.18939869
1522755044.9342709,398.46,212484.064764
1522755053.037495,398.46,212481.59920495
1522755061.3331318,398.46,212478.19920495
1522755068.9604745,398.47,212477.29138668
1522755085.1037953,398.47,212466.41439824
1522755101.2435396,398.47,212459.0210658
1522755132.9634402,398.47,212435.26629715
1522755165.030098,398.47,212434.5008543
1522755196.9465976,398.47,212385.45689099
1522755229.2773707,398.47,212326.77658099
1522755300.863653,398.11,211966.28572253
1522755308.998357,398.11,211958.39541764
1522755317.0592415,398.11,211854.44942473
1522755332.8330085,398.11,211814.26231678
1522755349.8560855,398.11,211567.30998619
1522755356.9329212,398.11,211593.51318801
1522755476.9563265,398,211553.65554337
1522755500.963304,398,211399.74013542
1522755517.6284957,398,211399.60318163
1522755525.0259185,397.99,211422.38036063
1522755532.9027605,397.99,211422.38036063
1522755557.0256228,397.99,211366.96301523
1522755580.9612203,397.73,211338.89548657
1522755588.8758218,397.56,211359.74621626
1522755596.920611,397.59,211352.75884626
1522755605.023629,397.59,211262.81324296
1522755612.9283383,397.55,211284.03573536
1522755629.0613523,396.99,211402.63212962
1522755636.9886606,396.79,211440.81741362
1522755644.9587426,396.69,211443.04800362
1522755661.1809163,395.6,211801.02801375
1522755668.9428174,395.65,211938.27161588
1522755677.385555,395.89,211673.85656308
1522755684.9191773,395.89,211713.69560707
1522755693.5731635,395.89,211714.44752368
1522755709.3817344,395.96,211710.2494612
1522755719.3831875,396.32,211724.23346749
1522755725.5060887,396.36,211722.08265486
1522755733.081168,396.41,211750.37460141
1522755740.9336026,396.42,211749.86394141
1522755750.4137094,396.42,211734.20212917
1522755764.9767432,396.42,211762.13412917
1522755772.954413,396.72,211761.28112917
1522755789.072038,396.72,211767.07263791
1522755837.0291836,397.01,212133.35189535
1522755845.000121,397.77,212156.97244199
1522755853.0452454,397.77,212160.11378399
1522755861.4040186,397.77,212368.46779526
1522755869.3364885,397.01,212658.36311584
1522755909.1877816,397.03,212589.49081466
1522755917.2559488,397.33,212582.58778668
1522755957.0136056,397.33,212497.31545348
1522755964.873403,397.33,212516.21301341
1522756050.1846678,397.33,212554.3026659
1522756053.2552435,397.33,212554.83608027
1522756061.0519803,397.74,213054.11662758
1522756084.9762826,397.74,213032.63197669
1522756301.4703019,397.75,213543.06405974
1522756308.8114078,398.05,213542.42142952
1522756325.2282665,398.11,213525.67294845
1522756333.0220716,398.33,213566.98903697
1522756340.9649782,398.56,213572.38912944
1522756349.1872196,398.67,213573.38912944
1522756356.903445,398.67,213573.40913344
1522756372.9784691,398.67,213573.25241155
1522756381.1829994,398.67,213574.15241155
1522756389.1729019,398.67,213586.98301316
1522756596.8109868,398.67,213489.06417447
1522756692.825718,398.67,213355.67521629
1522756700.8946555,398.67,213398.1615874
1522756750.4977205,397.73,213444.68036398
1522756756.8093767,397.75,213466.01631992
1522756765.0916293,397.95,213468.39175537
1522756772.8454702,397.78,213462.47758838
1522756780.7948089,397.95,213462.47758838
1522756829.139503,397.01,214097.4656212
1522756837.1762722,397.17,214136.15783249
1522756845.1418955,397.17,214134.30101708
1522756852.8787389,397.17,214135.11929038
1522756860.912593,397.25,214152.68200053
1522756869.2554734,397.37,214152.36731268
1522756916.8863688,397.5,214115.55003731
1522756924.9193606,397.54,214069.5283426
1522756933.1659894,397.56,214101.22124157
1522756941.0896869,397.93,214118.61977877
1522756949.9106169,397.93,214123.74150219
1522756965.0404027,397.93,214124.24777134
1522756972.8575125,397.95,214124.24777134
1522756988.9728746,397.95,214121.02337134
1522757021.356743,397.98,214129.15420406
1522757028.9843807,398.41,214558.59548416
1522757036.9065337,398.87,214547.64043572
1522757052.8918302,398.87,214535.19042636
1522757085.0815477,398.87,214557.98713261
1522757093.1379826,398.96,214523.17262897
1522757101.1652236,398.97,214523.47311908
1522757141.0601113,398.97,214585.42665968
1522757148.977383,398.64,214637.65991568
1522757157.3082194,398.21,214702.33000568
1522757165.0404294,398.36,214702.33000568
1522757173.7591186,398.46,214703.8509271
1522757181.0483787,398.49,214702.67525925
1522757189.182347,398.49,214702.67525925
1522757197.2947533,398.49,214729.22682892
1522757213.0822313,398.49,214713.62243058
1522757221.4706926,398.61,214732.22682892
1522757229.2873223,398.74,214731.82682892
1522757236.8472354,398.75,214697.82682892
1522757244.9873376,398.84,214697.82682892
1522757253.098747,398.88,214743.93695792
1522757261.208567,399,214791.09921473
1522757268.9954338,399,214867.63163363
1522757277.145341,399.05,214871.33492153
1522757285.1675627,399.07,214961.57023158
1522757293.21556,399.18,215216.68085242
1522757300.9203312,399.35,215307.98731771
1522757309.4451087,399.44,215312.88239177
1522757317.199902,399.45,215349.38227884
1522757325.3046958,399.6,215421.0869625
1522757333.4332855,399.62,215441.6166625
1522757348.927944,399.63,215409.40893896
1522757357.3241186,399.75,215328.203551
1522757373.1573143,399.75,215282.85191191
1522757381.2922444,399.99,215353.02324649
1522757389.1493359,399.99,215424.87426374
1522757397.013196,399.99,215517.38011423
1522757423.4544795,401.69,215480.1088235
1522757453.3420615,401.69,215478.12013675
1522757461.3695421,401.69,215470.77043778
1522757468.9965498,401.69,215473.72355823
1522757484.9715846,401.86,215376.08949307
1522757493.2784665,401.89,215371.43889307
1522757501.3522768,401.9,215375.48101307
1522757508.96067,401.99,215388.86576843
1522757516.883171,401.99,215396.58606843
1522757525.0801778,401.99,215380.96597843
1522757540.957106,402,215363.88027902
1522757549.9956796,402.03,215352.71401092
1522757557.5959418,402.04,215340.38428243
1522757565.0622451,402.04,215341.56433252
1522757580.87984,402.09,215436.34715017
1522757620.8716645,402.09,215340.94260056
1522757629.074972,402.09,215329.33922714
1522757660.994467,401.76,215251.03706491
1522757668.960522,401.71,215233.68513129
1522757685.3501565,401.71,215257.92262351
1522757693.0648413,402.13,215218.41731702
1522757701.188847,402.13,215276.80891656
1522757709.1455762,402.23,215159.53851044
1522757724.9175844,402.23,215144.61749387
1522757732.8318584,403,215424.29761871
1522757740.7173142,403.09,215426.87888117
1522757748.9978309,402.54,215528.37580666
1522757764.7410085,402.54,215583.62160666
1522757805.1667655,402.54,215541.45301961
1522757821.245117,402.89,215587.40471961
1522757829.3751252,402.9,215639.08751961
1522757836.8561776,402.94,215639.48751961
1522757845.1279252,402.93,215640.39724432
1522757853.2334988,402.93,215654.73293918
1522757877.0702996,402.78,215694.8588408
1522757885.2493136,402.6,215718.49397167
1522757893.4594653,402.17,215812.39680028
1522757900.8963037,401.7,215843.97962827
1522757908.8893702,401.7,215852.86779927
1522757916.8642595,401.7,215845.44587365
1522757924.9244797,401.7,215820.84091947
1522757932.9306479,401.7,215810.13068527
1522757941.2148669,401.71,215794.50754627
1522757956.9780624,401.71,215716.65803476
1522757964.8768847,401.71,215718.76312065
1522758052.7689338,401.84,215604.26199188
1522758060.8423717,401.84,215604.26199188
1522758068.8845096,401.99,215625.26199188
1522758085.279711,401.99,215555.36437561
1522758132.961255,402.04,215520.42519536
1522758140.8291712,402.19,215516.42519536
1522758149.6599932,402.34,215514.41519536
1522758156.792376,402.34,215510.41523936
1522758196.8446505,402.34,215450.25382434
1522758228.8068502,402.34,215291.60744434
1522758244.977639,402.46,215147.86834833
1522758252.8558805,402.43,215147.86834833
1522758285.2231112,402.43,215088.16844141
1522758309.0455644,402.43,215085.9751496
1522758326.6912344,402.43,215078.70493909
1522758453.016183,402.43,214301.07244706
1522758492.8164122,402.55,214080.63748864
1522758500.9594107,402.68,213628.41285279
1522758509.1768289,402.68,213659.02682211
1522758516.987789,402.9,213683.68847015
1522758524.9172924,402.97,213687.41354085
1522758533.4694064,403.05,213688.13651928
1522758540.8877778,403.15,213685.58492833
1522758548.9888828,403.06,213678.14686691
1522758557.0631268,403.03,213725.14131944
1522758565.29463,403.09,213678.8180718
1522758573.251489,403.09,213698.26300764
1522758580.7823281,403.09,213698.94051091
1522758597.1313367,403.09,213666.92498711
1522758652.974802,403.09,213540.51221439
1522758668.8790338,403.09,213515.81261569
1522758676.87367,402.71,213433.06721684
1522758684.8605952,402.71,213401.62521684
1522758693.7409647,402.71,213411.42994515
1522758756.7834287,402.71,213280.67494613
1522758772.8406305,402.71,213279.85087613
1522758804.807963,402.71,213264.12405815
1522758820.71809,402.71,213275.91206076
1522758829.124815,402.71,213265.64211973
1522758852.7522733,402.71,213262.56211973
1522758876.8252518,402.71,213240.69260044
1522758908.9280744,402.56,213210.08636127
1522758916.8816352,402.5,213208.95024174
1522758924.984347,402.44,213211.45724174
1522758964.660995,402.44,213008.49508778
1522759012.6772928,402.44,212956.68072875
1522759036.7507184,402.44,212945.97549075
1522759068.9366374,402.45,212934.09098863
1522759076.9326882,402.71,212954.09098863
1522759084.8714235,402.71,212961.28098863
1522759100.7847624,403.27,213022.26406576
1522759116.578193,403.27,212858.15250116
1522759125.18344,403.27,212847.0510701
1522759132.7925644,403.27,212854.80295882
1522759149.141621,402.89,212874.91474749
1522759156.632717,402.92,212874.82653651
1522759164.7169096,402.92,212848.77219165
1522759172.7469375,402.92,212840.00619304
1522759188.9783342,402.92,212838.41469719
1522759204.8965757,402.92,212848.93836982
1522759212.6826642,403.18,212851.82726045
1522759236.7511587,403.18,212808.79528583
1522759244.834274,403.18,212864.33733977
1522759252.9145727,403.29,212881.34733977
1522759261.016177,403.47,212871.44895977
1522759276.8033578,403.47,212872.46896377
1522759284.7776303,403.47,212895.20133677
1522759292.7797303,403.5,212920.40753677
1522759300.9132805,403.62,212920.40753677
1522759308.9132068,403.69,212921.60753677
1522759341.0337017,403.69,212964.4167258
1522759349.051165,404.03,212963.7608258
1522759356.9062858,404.03,212963.5761298
1522759364.8714747,404.03,213009.1799957
1522759381.1833184,404.03,213009.5799957
1522759388.7041562,404.03,213034.5799957
1522759404.6687725,404.03,213015.53240365
1522759420.8037016,404.03,213049.40514482
1522759444.9172409,404.03,213076.02801178
1522759484.8843076,404.4,213395.81214053
1522759500.9184847,404.37,213500.26473957
1522759508.7472398,404.36,213508.15416914
1522759533.0420318,404.36,213583.49404212
1522759540.9061425,404.36,213616.17675522
1522759549.0093577,404.36,213617.17675522
1522759565.1737754,404.36,213615.20639336
1522759589.0114748,404.39,213760.48161636
1522759597.0198104,404.64,213996.71321477
1522759604.99651,404.65,213953.85069948
1522759620.9076421,404.65,213954.33323353
1522759685.5738397,404.65,213869.81698006
1522759692.9512503,404.65,213893.80580564
1522759724.9297884,404.65,213607.92363353
1522759733.006485,404.65,213608.80402353
1522759756.9226642,404.37,213533.51654734
1522759773.1667175,404.37,213544.45555234
1522759789.2459939,404.37,213597.87751464
1522759812.9923875,403.87,213618.13540615
1522759820.927967,403.9,213618.00443834
1522759829.0491138,403.9,213630.55796228
1522759836.8688228,403.9,213631.04210064
1522759845.4105058,403.81,213655.05495106
1522759876.8921487,403.9,213710.56190054
1522759901.205348,403.9,213682.8308628
1522759908.9267242,403.21,213778.26623982
1522759916.9479756,403.21,213829.12763982
1522759924.8668137,403.01,213852.65173982
1522759949.3590853,403.01,213850.9950039
1522759957.4631922,403.01,213955.77919506
1522759964.8380592,402.82,213962.57511907
1522759981.0170946,402.82,213960.53467005
1522759996.870217,402.82,214000.19382661
1522760004.8608,402.59,214033.17105611
1522760012.8848748,402.76,214035.02900911
1522760020.7455535,402.76,214035.52900911
1522760029.0847924,402.59,214061.02900911
1522760036.8204632,402.72,214062.02900911
1522760045.0575562,402.67,214060.52900911
1522760052.9682395,402.72,214061.88870911
1522760061.1222882,402.67,214036.45508248
1522760068.842822,402.7,214013.06743594
1522760076.8371396,402.71,214023.06004513
1522760085.1639674,402.73,213997.79295979
1522760164.8745332,401.88,214172.24688951
1522760173.1343994,401.89,214226.12156207
1522760180.9646888,402,214176.95217831
1522760189.6116593,402.28,214166.97217831
1522760196.9258218,402.28,214177.91458486
1522760204.9440787,402.55,214192.21433618
1522760236.95626,402.55,214085.07825712
1522760332.7344236,402.55,213667.95724865
1522760341.1823053,402.49,213705.35243815
1522760348.752927,402.54,213666.85243815
1522760404.78791,402.54,213767.28823401
1522760413.5854282,402.59,213790.20547943
1522760429.0609848,402.59,213818.17794318
1522760437.2990475,402.59,213818.40973854
1522760452.922013,402.59,213831.9005453
1522760460.8379292,402.59,213833.9005453
1522760469.0060587,402.59,213842.6005453
1522760509.2650337,403,213967.28150591
1522760516.9347095,403,213925.15241595
1522760524.835145,403,213943.25089735
1522760541.0350647,402.59,213942.21332282
1522760549.956661,402.59,213887.32657516
1522760557.2345402,402.59,213897.46360916
1522760565.4631708,402.59,213903.08867916
1522760573.1746907,402.59,213907.91957916
1522760581.453214,402.59,213916.52045039
1522760589.4121833,402.59,213926.38027159
1522760613.198798,402.63,214003.16484639
1522760620.8658898,402.63,213986.64850939
1522760629.0226715,402.63,213987.14850939
1522760637.1563926,402.63,213989.888404
1522760645.0174923,402.63,213990.17044343
1522760652.9481995,402.63,213992.95254119
1522760669.183147,402.63,213997.30038619
1522760692.8667662,402.63,214007.66386948
1522760716.9533489,402.63,214006.63065754
1522760741.0592177,402.63,214017.3539363
1522760748.972837,402.63,214019.40407072
1522760764.8838708,402.63,214059.49923145
1522760780.966154,402.63,214093.24174396
1522760789.920737,402.89,214096.17274311
1522760813.07716,403.34,214100.00641839
1522760821.0765028,403.82,214129.21049693
1522760828.992909,404.6,214274.64613294
1522760836.9771926,404.55,214304.29168568
1522760844.9347413,404.69,214360.45216672
1522760853.180563,404.77,214389.66003844
1522760861.0203092,404.99,214736.18436459
1522760869.2424655,405.78,214988.78528694
1522760876.9207335,405.8,215027.28143223
1522760885.009245,405.98,215041.00478036
1522760892.989911,406.28,215062.52337668
1522760909.1048815,406.34,215058.59891331
1522760917.105225,406.33,215097.76030858
1522760926.2807345,406.51,215160.66993412
1522760932.9996853,406.51,215181.63402608
1522760949.0794556,406.51,215246.96235407
1522760957.1922808,406.37,215221.17426791
1522760965.290291,406.32,215248.020934
1522760980.923349,406.32,215240.69465968
1522760989.3823645,406.32,215242.74495968
1522761013.1762798,406.32,215279.38195837
1522761084.9970431,406.54,215317.60004159
1522761092.9338624,406.54,215297.83247812
1522761101.089874,406.33,215312.24336347
1522761109.4387624,406.33,215430.54464184
1522761116.953303,405.82,215397.55512011
1522761125.0128915,405.82,215330.91257542
1522761133.1828408,405.82,215298.57440103
1522761141.039166,405.82,215311.06783342
1522761149.645024,405.41,215424.75676732
1522761165.2083795,405.41,215390.66441306
1522761252.8820226,405.61,214950.14212498
1522761276.9050286,405.61,214810.43629246
1522761332.8374677,405.61,214646.84427262
1522761340.9393322,405.18,214965.20701255
1522761348.804117,404.99,215052.66865676
1522761357.1999893,404.73,215108.84066579
1522761364.9455333,404.71,215281.80832924
1522761373.1105478,404.71,215303.37463911
1522761380.7953486,404.65,215314.1363761
1522761389.0064313,404.21,215559.40084536
1522761396.9793267,403.49,215636.95719943
1522761404.9147596,403.23,215660.91408137
1522761421.2988012,403.58,215667.88136325
1522761437.5798938,403.58,215713.75859632
1522761468.9138253,403.58,215752.76272305
1522761477.2371507,403.58,215756.08778759
1522761485.7204409,403.58,215744.01677659
1522761493.3514915,403.58,215742.30095714
1522761500.9915626,403.58,215738.96326397
1522761508.9738123,403.93,215701.12605408
1522761516.9183326,404.15,215739.01622988
1522761533.258784,404.15,215701.32092591
1522761548.8474455,404.15,215706.78877481
1522761572.7625248,404.15,215659.02929103
1522761597.2964942,404.15,215605.20036022
1522761636.8184772,404.15,215569.43292286
1522761661.101408,404.15,215433.03788589
1522761669.0229864,404.15,215433.28788589
1522761717.8706634,404.15,212338.20247491
1522761724.860874,404.15,212338.67447491
1522761765.1684625,404.42,212361.11924221
1522761773.0158882,404.47,212361.11924221
1522761781.0722706,404.47,212322.69629465
1522761788.9734595,404.47,212321.12129465
1522761813.0762308,404.47,212262.2407459
1522761829.3715475,404.48,212221.44063964
1522761869.0188513,404.49,212252.40418901
1522761877.327154,404.49,212399.12615268
1522761884.9223497,404.59,212414.90211331
1522761893.2974372,405.43,212415.16469641
1522761901.4322035,405.41,212415.56372761
1522761925.0251005,405.41,212028.04689311
1522761981.2108154,405.28,212077.61968534
1522761989.0731637,405.2,212080.61968534
1522761996.98942,405.04,212081.70762048
1522762005.0596201,404.98,212081.93814694
1522762013.121676,404.98,212077.06145578
1522762021.3062944,405,212068.61612185
1522762029.148706,405.01,212044.04990386
1522762052.8954406,405.01,212014.72875434
1522762124.9140885,405.01,211991.64702781
1522762148.9134576,405.01,211979.15761765
1522762156.8852546,404.87,212043.59131245
1522762164.9187782,404.86,212047.24131245
1522762172.9053297,404.86,212045.94598267
1522762196.9380333,404.86,212048.69001219
1522762221.2347336,404.59,212016.64369992
1522762229.0027647,404.59,212013.39373003
1522762237.389331,404.59,212017.42956461
1522762253.0050268,405.05,212104.70534623
1522762260.9730184,405.38,212121.76169593
1522762300.864332,405.3,212186.66414328
1522762308.9266748,405.3,212186.66414328
1522762324.7753634,405.3,212183.50159873
1522762332.9952486,405.3,212211.19645873
1522762340.8986528,405.21,212181.47747986
1522762349.0893507,405.21,212159.68707078
1522762357.550842,404.99,212181.78195204
1522762365.1062586,404.99,212155.06763176
1522762389.0599222,404.99,212110.57589202
1522762396.9289167,404.99,212110.67436202
1522762421.0254312,404.99,212192.70090969
1522762428.8491259,404.91,212223.16973783
1522762436.8153355,405.03,212276.96751125
1522762452.976275,405.03,212057.40929125
1522762461.06555,405.07,212057.20944734
1522762468.8614357,405.01,212039.64196285
1522762492.9181066,405.01,212004.19720626
1522762549.0027554,405.01,211821.52071645
1522762564.8740945,405.01,211738.64454186
1522762580.9068623,404.77,211795.80905993
1522762588.9332504,404.8,211792.80905993
1522762596.9168682,404.65,211874.99047154
1522762605.8938475,404.46,212002.47914307
1522762613.1790593,404.21,211991.79823385
1522762621.0948184,404.21,211790.32433991
1522762629.077386,404.21,211778.96996049
1522762676.726875,404.2,211130.42513624
1522762700.832124,404.2,211108.17448209
1522762716.911557,404.2,211128.30307588
1522762724.7774541,404.2,210676.83651671
1522762732.7355354,404.2,210628.42284806
1522762748.802304,404.2,210643.58687501
1522762773.5691643,404.2,210641.34286158
1522762780.8365433,404,210704.8882122
1522762789.128462,404,210629.77469066
1522762797.2981734,404,210636.51723137
1522762820.9326904,403.87,210402.45738962
1522762828.9150505,403.87,210414.31408319
1522762837.2247667,403.87,210374.39411181
1522762860.9884312,403.87,210330.361736
1522762869.1036992,403.87,210330.61884442
1522762884.893242,403.87,210250.85172597
1522762901.4335215,403.87,210159.69115306
1522762917.1797082,403.79,210121.82746605
1522762924.9256501,403.5,210177.83151005
1522762933.1134992,403.74,210126.03458077
1522762941.281137,403.74,210111.09048974
1522762957.1109068,403.41,209992.67426001
1522762972.7836168,403.41,210204.90976094
1522762980.7482173,403.41,210160.97517794
1522762988.927752,402.89,210101.26791387
1522763005.221514,402.74,210067.86004851
1522763012.8992298,402.74,210076.40102149
1522763021.0787983,402.74,210133.06892452
1522763036.873566,401.9,210369.518892
1522763044.9512732,401.73,210385.31177015
1522763053.617517,401.73,210547.62739579
1522763060.9393666,400.92,210510.95000006
1522763076.9734054,400.92,210551.81040696
1522763093.0214744,400.92,210524.447675
1522763101.2097783,400.92,210520.725862
1522763109.215692,400.92,210527.40882437
1522763117.3844721,401.47,210588.65713905
1522763124.9945102,401.48,210579.79605025
1522763133.0045404,401.48,210582.59605025
1522763141.0313895,401.48,210590.69817011
1522763157.174964,401.55,210605.04969951
1522763164.8992527,401.64,210602.01674351
1522763181.1042178,401.9,210460.08820347
1522763189.012581,402.3,210552.48260346
1522763197.003473,402.54,210579.06194919
1522763292.9654615,402.54,210576.097577
1522763332.9715161,402.54,210578.86265597
1522763340.9017098,402.54,210572.6617851
1522763348.99261,402.54,210572.06278509
1522763365.2307038,402.97,210638.92402194
1522763373.1215317,403.14,210710.6057072
1522763380.9933515,403.4,210710.6057072
1522763388.8849242,403.4,210734.17227457
1522763396.9359148,403.43,210734.17227457
1522763405.233384,403.43,210729.73593291
1522763436.9485142,403.1,210877.03440453
1522763445.3580449,402.99,210898.29067673
1522763452.893946,402.99,210898.32878873
1522763461.247901,402.93,210903.32878873
1522763468.8921936,402.88,211001.35210983
1522763476.8904643,402.71,211013.56950735
1522763485.238634,402.75,211011.89150735
1522763493.0382056,402.89,211029.9993892
1522763508.982201,402.89,211015.72033331
1522763540.9459677,402.89,210982.76235834
1522763556.799909,402.61,211004.81326054
1522763564.88312,402.31,211027.52158361
1522763572.9252565,402.6,211074.22940263
1522763581.143723,402.6,211074.22940263
1522763588.9849558,401.96,211136.50824787
1522763605.2917135,401.96,211155.38957974
1522763613.1995635,401.96,211186.05464085
1522763620.9013615,401.96,211182.02037843
1522763629.2503872,401.96,211179.315946
1522763644.815545,401.96,211155.82778648
1522763660.8992908,401.96,211158.77445104
1522763676.8805165,401.96,211159.62473704
1522763717.0803878,401.96,211160.22628405
1522763724.823105,401.96,211161.72628405
1522763773.1131303,401.96,211154.56825096
1522763781.2284756,401.96,211145.16825096
1522763789.2118948,401.98,211171.56613341
1522763797.0195584,401.98,211172.60613341
1522763805.206279,401.98,211175.8892638
1522763829.0314102,401.98,211171.8976085
1522763836.802201,401.98,211172.39906109
1522763877.2046368,401.98,211183.25096723
1522763917.029424,401.98,211181.34426004
1522763941.8238385,401.99,211197.44796852
1522763957.0742369,401.99,211517.06238151
1522763964.9771397,401.99,211515.67695349
1522763973.1209588,401.99,211510.84574243
1522763980.8512976,401.99,211512.55287359
1522763988.8759665,401.99,211516.9569259
1522763996.9313154,401.99,211517.2810494
1522764044.7446826,401.88,211534.83776645
1522764052.7572043,401.88,211535.14040268
1522764068.864515,401.88,211664.06555621
1522764076.779962,401.89,211664.3523961
1522764085.0174274,401.89,211680.7523961
1522764093.0458603,401.89,211684.14846684
1522764100.9197109,401.89,211689.52779483
1522764117.0885355,401.89,211688.89716498
1522764149.5456522,401.89,211771.34116498
1522764156.908161,401.89,211754.87076033
1522764213.0200727,401.92,211813.16967541
1522764220.976301,401.98,211763.86989732
1522764228.8722217,402.04,211743.95317834
1522764237.33464,402.4,211742.10070873
1522764269.0196283,402.59,211761.12520494
1522764277.2178738,402.72,211789.66712978
1522764301.10454,402.72,211874.24248783
1522764308.9889848,402.24,211955.63272628
1522764317.092591,401.73,212100.60821595
1522764324.8743033,401.78,212053.59611543
1522764333.0381553,401.81,212066.11356543
1522764340.804793,401.78,212057.47044543
1522764365.3513374,401.73,212091.15125943
1522764373.3508534,401.73,212085.62659856
1522764397.011921,400.85,212273.05128243
1522764404.919616,401.14,212412.88676682
1522764413.338372,401.24,212414.0527652
1522764420.8239684,401.53,212563.20276555
1522764428.8432891,401.39,212564.89206721
1522764437.060919,401.39,212542.63354947
1522764444.822684,401.39,212563.38972447
1522764453.0929,401.39,212591.41764569
1522764461.656027,401.36,212596.80258349
1522764468.8336434,401.26,212673.69810235
1522764477.1802979,401.27,212674.67891438
1522764484.9900503,400.9,212839.70951001
1522764493.0177255,400.96,212922.03834312
1522764501.1527092,400.96,212923.51140712
1522764540.8362017,400.96,212872.59319429
1522764549.1097953,400.96,212857.06429822
1522764573.0505288,400.96,212888.23623169
1522764581.01102,400.96,212897.39087169
1522764596.8356276,401.12,212918.03429064
1522764604.889089,401.12,212915.93595919
1522764621.53528,401.12,212918.56566621
1522764660.7335544,401.12,213065.6346055
1522764668.9249384,400.98,213065.2346055
1522764749.145322,400.98,212975.98191459
1522764756.8173747,400.98,212977.15876543
1522764764.927482,400.98,212979.15876543
1522764780.952341,400.98,213019.37154947
1522764788.8344786,400.98,212994.5991179
1522764860.9763715,401.25,213118.06875239
1522764868.9519227,401.26,212866.47086904
1522764917.001545,401.27,212369.40752112
1522764940.835518,400.86,212335.24547339
1522764949.300796,400.34,212434.25342512
1522764956.8565223,399.87,212497.3689159
1522764973.0850482,399.87,212498.61127643
1522764980.8903227,399.8,212469.49011137
1522764996.9766924,399.42,212492.7527161
1522765005.0467734,399.31,212511.15073556
1522765012.8537276,399.07,212610.47534942
1522765021.319444,398.59,212581.36071121
1522765029.3908808,398.59,212572.49075467
1522765045.1577992,398.59,212582.65250622
1522765068.8505423,398.6,212931.00892444
1522765077.585661,397.96,212931.75798613
1522765100.7805471,397.96,212958.01275698
1522765108.8986886,397.96,212961.82441282
1522765116.8067882,397.95,213050.86013794
1522765125.9254858,397.96,213088.30225454
1522765132.7656171,397.96,213250.88827727
1522765141.3259873,397.89,213261.26517727
1522765149.5821412,397.89,213246.50722227
1522765157.0265477,397.89,213248.61922421
1522765172.8317218,397.91,213297.69125777
1522765180.8823092,397.98,213410.3220037
1522765188.7726426,397.93,213594.1362012
1522765196.823336,397.95,213605.60691288
1522765204.7837446,397.95,213681.05577806
1522765212.9915214,398.1,213871.37289359
1522765222.3032618,398.23,214255.34421686
1522765229.0147533,398.82,214380.02589168
1522765237.2119167,398.82,214383.25619168
1522765244.8490975,398.73,214445.58801688
1522765253.2499087,398.69,214298.95541882
1522765260.8739905,398.53,214507.0851776
1522765269.172107,398.43,214556.49120928
1522765276.9150748,398.5,214549.02125678
1522765284.7501776,398.7,214530.04575468
1522765292.8489015,398.7,214567.4173873
1522765301.3082716,398.97,214547.51626205
1522765309.200312,398.97,214434.96022146
1522765316.9905694,399.27,214575.52542773
1522765324.8015904,399.65,214604.39608405
1522765332.931463,399.76,214682.35002237
1522765340.7856297,400.38,214742.90063829
1522765349.1125977,400.79,214765.57879117
1522765356.8614995,400.86,214759.79464483
1522765364.9070592,400.86,214783.71410905
1522765372.9316466,400.39,214900.62783891
1522765380.9615486,400.2,214950.24320749
1522765389.1128526,400.2,214934.01728661
1522765421.2336864,400.2,214925.76920643
1522765436.8538773,400.05,214866.03071271
1522765509.0168483,400,214785.8352349
1522765533.1668928,399.07,214864.51072013
1522765541.1971507,399,214869.71418055
1522765549.0499527,399,214849.9376326
1522765580.9640632,399,214886.35789184
1522765588.921164,399.21,214961.80313628
1522765597.2030935,399.71,214962.5918707
1522765605.4582987,399.8,214885.66903615
1522765613.0149417,399.9,214886.02520095
1522765621.008956,399.96,214885.00351829
1522765644.9727309,399.96,214818.02081519
1522765652.9178326,400.07,214849.37889594
1522765661.3228366,400.1,214849.1705948
1522765669.2240007,400.13,214757.44651084
1522765677.076743,400.03,214749.15450254
1522765685.173779,400.03,214742.45090374
1522765693.3217928,400.03,214738.75406121
1522765733.0771208,400.03,214738.05678767
1522765780.9172285,400.03,214727.76065334
1522765797.1060944,400.03,214707.6765311
1522765821.0307035,400.59,214733.74954802
1522765828.9770977,400.69,214736.65056092
1522765852.927149,400.69,214694.61199098
1522765900.9038358,400.69,213535.49355402
1522765916.865448,400.69,213081.44621739
1522765933.6704178,400.69,212971.91084647
1522765940.8163126,400.79,212998.59822609
1522765949.2567756,400.79,212995.16433113
1522765956.9710221,400.79,213012.82967552
1522765965.2922373,400.87,212993.20677286
1522765972.818969,400.87,212983.65128036
1522765980.8990176,400.87,212930.8199636
1522765989.0410705,400.88,212920.79061088
1522766004.8547828,401.19,212977.70959437
1522766012.9771984,401.58,212974.13164334
1522766045.1099885,401.58,213016.18274734
1522766052.8913784,401.58,213016.05721727
1522766068.8276663,401.24,213061.8230184
1522766085.1784482,401.24,213066.8837716
1522766252.9588082,401.24,212836.13015565
1522766292.8218584,401.46,212817.78656458
1522766300.9124398,401.46,212880.16101663
1522766316.7481148,401.46,212809.50127869
1522766372.8030958,401.48,212589.35266249
1522766381.124344,401.48,212589.37116249
1522766412.775408,401.46,212600.43643234
1522766420.862513,401.46,212613.54329282
1522766429.0166626,401.46,212581.00378229
1522766460.85372,401.46,212549.59929179
1522766492.9934132,401.46,212558.92591534
1522766613.0839531,401.31,212511.63860604
1522766637.2998233,401.03,212523.24111597
1522766645.0515234,401.03,212619.29469515
1522766652.8864138,401.01,212620.8105369
1522766669.283374,401.01,212669.53019168
1522766677.2074158,400.76,212629.02095562
1522766685.1023831,400.76,212629.12164574
1522766708.8484097,400.76,212634.83249842
1522766764.85754,400.76,212654.8738984
1522766773.332521,400.84,212654.8738984
1522766780.956078,400.84,212661.16467917
1522766789.0146267,400.84,212674.91024603
1522766796.888919,401.33,212700.92202784
1522766804.9469461,401.39,212706.62876034
1522766901.354163,401.41,212683.23111558
1522766909.037814,401.46,212316.9619813
1522766949.1489,401.46,212112.73798642
1522766973.0403736,401.46,212110.32928668
1522766989.0733833,401.47,212123.35664528
1522767004.9754736,401.47,212149.41175513
1522767012.8672533,401.48,212135.4299522
1522767020.9428566,401.48,212140.26790053
1522767036.8767838,401.52,212151.59543361
1522767045.069196,401.52,212176.61061613
1522767053.0284307,401.54,212175.19118562
1522767149.2590919,401.54,212050.21378558
1522767156.759644,401.54,212050.01578558
1522767165.2742176,401.54,212049.45390196
1522767212.9817746,401.54,212007.78783196
1522767260.722298,401.54,211981.26668668
1522767268.9957902,401.6,211967.27637485
1522767285.0559454,401.6,211904.87512242
1522767316.8489282,401.6,211949.69204858
1522767324.8513267,401.71,211965.10936928
1522767403.4804945,401.71,211924.06623684
1522767421.1318786,401.71,211949.19486271
1522767444.856577,401.71,211957.29486271
1522767460.6936302,401.89,212271.69717126
1522767468.766587,401.89,212272.32220133
1522767541.1507962,401.94,212103.1829957
1522767548.6385267,402.17,212117.7456393
1522767556.7581604,402.26,212187.69682243
1522767564.8735228,402.39,212198.41043401
1522767572.8491213,402.39,212208.3262299
1522767580.7775755,402.47,212183.6422654
1522767596.958765,402.47,212190.3221554
1522767612.815857,402.47,212200.41014032
1522767629.0425122,402.47,212196.56348431
1522767636.8368564,402.47,212196.67548431
1522767660.86001,402.47,212362.39898431
1522767668.791913,402.46,212364.56912381
1522767724.854008,402.46,212365.59933973
1522767740.8983283,402.46,212348.42680824
1522767756.8862152,402.46,212319.6681409
1522767764.9913073,402.46,212307.85412406
1522767788.8549945,402.46,212190.95689836
1522767836.8126664,402.46,212209.25799047
1522767845.0671597,402.9,212373.29048313
1522767852.9960833,402.91,212373.39640219
1522767861.3664932,402.91,212375.49833719
1522767869.0853717,402.93,212509.99032534
1522767876.8482482,402.93,212450.3485092
1522767909.0389593,402.93,212462.91477591
1522767916.9788358,402.93,212463.40445178
1522767925.1069236,402.93,212468.71903378
1522767948.8671281,402.93,212363.05431489
1522767965.264989,402.93,212372.35539782
1522767997.0515077,402.98,212386.63608287
1522768005.0483274,402.98,212394.45704617
1522768014.4170492,402.94,212425.49121593
1522768021.258032,402.94,212441.37528751
1522768069.374757,402.98,212445.74855396
1522768077.2375793,402.98,212459.61794131
1522768085.074014,403.05,212459.61794131
1522768100.9309716,403.05,212465.20162451
1522768117.0196037,403.09,212470.76329263
1522768125.3084776,403.1,212477.95319564
1522768133.577357,403.1,212477.9531959
1522768140.993307,403.1,212479.57916819
1522768165.0425146,403.1,212486.89005239
1522768181.4729283,403.1,212487.87771828
1522768205.0226984,403.1,212465.37220471
1522768221.1583588,403.06,212515.5369636
1522768228.9270868,403.06,212556.8467636
1522768237.0377517,403.03,212554.29440691
1522768253.3142464,403.03,212630.53517686
1522768261.6432528,403.03,212610.08217686
1522768276.913676,403,212636.66926885
1522768293.1292915,403,212659.58668591
1522768301.1786814,402.59,212759.82973028
1522768308.9817228,402.59,212754.82973028
1522768325.1270998,401.92,212711.63363245
1522768333.3573198,401.99,212710.53876916
1522768341.3271954,401.99,212683.36205051
1522768389.05611,401.99,212734.00652597
1522768396.7712343,401.99,212736.69259716
1522768412.8561864,401.99,212852.69259716
