1523173732.0995677,389.75,121583.23716824
1523173737.6149344,389.75,121567.30079555
1523173753.7773504,389.75,121545.2244841
1523173761.8634224,389.75,121543.98140801
1523173849.7236805,389.75,121545.70415786
1523173857.872893,389.89,121541.19671023
1523173866.1255164,389.84,121541.0393629
1523173873.6686473,389.86,121540.87168882
1523173881.8140585,389.85,121538.47168882
1523173889.650328,389.87,121536.92775638
1523173897.9852314,389.86,121534.28556745
1523173905.8183184,389.84,121524.93515101
1523174113.7624207,389.84,121469.39641633
1523174153.7299805,389.84,121505.7922881
1523174161.6210103,389.84,121505.1722881
1523174177.7187195,389.84,121493.8928179
1523174193.783756,389.88,121492.67894129
1523174201.667838,389.86,121489.25951834
1523174210.118704,389.87,121487.89629547
1523174217.607407,389.9,121487.71278614
1523174225.7374158,389.9,121487.71278614
1523174233.7123451,389.9,121487.71278614
1523174242.1289852,389.86,121384.09567283
1523174249.7623928,389.87,121347.78433579
1523174297.8188636,389.79,121382.20637976
1523174305.8633828,389.82,121382.20637976
1523174313.9619532,389.82,121382.70797421
1523174345.9109213,389.82,121383.02204352
1523174401.6860108,389.82,121383.68206117
1523174465.8608704,389.82,121385.90463674
1523174474.261951,389.82,121382.28276033
1523174521.9825723,389.82,121390.36340039
1523174577.9420757,389.82,121433.31529278
1523174585.9185247,389.84,121432.19799278
1523174593.8243093,389.87,121445.64557728
1523174601.8027673,389.84,121452.45305212
1523174610.0986416,389.84,121462.70040984
1523174617.8405614,389.84,121466.06281568
1523174641.877846,389.82,121519.76281568
1523174713.75556,389.82,121581.14878254
1523174722.111234,389.82,121608.99143044
1523174729.813601,389.95,121606.24199744
1523174738.0589275,389.95,121638.34130061
1523174745.8173544,390.29,121607.56634078
1523174809.7989385,390.29,121312.85573441
1523174833.8325276,390.29,121305.72881261
1523174857.6961484,390.29,121296.60075308
1523174890.3799365,390.29,121299.97518043
1523174913.666678,390.29,121301.00918043
1523174962.2009437,390.29,121138.88988741
1523175081.9154205,390.29,120847.51700068
1523175089.6964035,390.47,120853.2451657
1523175098.4283922,390.72,120865.27994287
1523175137.880714,390.72,120537.88665426
1523175201.7129495,390.92,120548.14079031
1523175209.7660103,391.01,120542.13879031
1523175217.7627342,391.11,120504.27179031
1523175226.281205,391.09,119976.51637137
1523175250.4225967,391.09,119889.55550495
1523175289.9501023,391.09,119854.82844868
1523175297.8056498,391.09,119771.4830584
1523175353.616957,391.09,119678.61736583
1523175370.1160717,391.09,119686.25054726
1523175377.7816532,391.15,119688.04896378
1523175393.7246342,391.09,119732.86156378
1523175433.7536488,391.09,119731.92229877
1523175465.7329826,391.09,119568.46475477
1523175473.7476802,391.09,119568.44781228
1523175553.717185,391.09,119525.59009951
1523175561.7685647,391.09,119525.67009951
1523175601.813702,391.09,119453.88727858
1523175609.6302128,390.57,119411.57110302
1523175617.8204818,390.56,119402.13248765
1523175625.6713772,390.51,119356.41964226
1523175633.888744,390.57,119239.22567139
1523175665.8589451,390.57,115054.16045787
1523175673.9769604,390.93,114614.39664003
1523175689.7556121,390.93,114209.87869551
1523175706.201747,390.93,114177.4923696
1523175745.6494064,390.93,114123.03621929
1523175897.6995292,390.52,113684.87489055
1523175921.712237,390.38,113682.06847678
1523175929.7353234,390.31,113683.79057954
1523175938.265785,390.21,113683.79057954
1523175953.6355505,390.21,113695.52051938
1523175993.9388018,390.21,113655.55737971
1523176137.9944413,390.21,113486.05381327
1523176154.2411087,390.21,113481.24656016
1523176202.6674693,390.21,113389.59674204
1523176282.1827161,391.02,113390.65161052
1523176289.5785615,391.28,113421.27505757
1523176297.933274,391.28,113417.33402155
1523176385.6115386,391.28,112878.71205055
1523176433.9928088,391.28,112893.16032304
1523176673.7413507,391.28,112745.23636246
1523176705.6620922,391.28,112740.08076562
1523176777.816551,391.28,112662.90410845
1523176801.7600727,391.21,112540.19363211
1523176809.6827939,391.21,112534.04259044
1523176817.8658779,391.21,112537.5277693
1523176897.8190756,390.9,112490.35843123
1523176945.7855036,390.83,112502.37266024
1523176969.6965668,390.71,112522.11168024
1523176985.6944408,390.71,112523.8469141
1523176994.049801,390.7,112542.55113265
1523177001.8753293,390.7,112544.62624265
1523177018.1251798,390.7,112550.28000939
1523177066.0473833,390.7,112557.81467389
1523177129.7625394,390.7,112562.63056021
1523177137.7281547,390.7,112561.65426121
1523177145.9652352,390.7,112564.00128255
1523177154.2330549,390.7,112567.00128255
1523177241.6498816,391.18,112592.95709485
1523177249.7829359,391.21,112601.98038789
1523177257.6441197,391.28,112631.99753089
1523177265.895641,391.01,112691.96371089
1523177273.9375427,391.02,112691.96371089
1523177297.7116957,391.02,112691.72298967
1523177305.5720384,391.02,112693.82028967
1523177465.8154776,391.02,112616.94525159
1523177473.9584868,391.02,112616.98537159
1523177537.7015467,391.28,112661.40703923
1523177553.8018272,391.28,112700.13703923
1523177625.761573,391.49,112757.77718963
1523177633.6682394,391.56,112769.48278963
1523177641.950412,391.56,112793.12152885
1523177650.162344,391.78,112798.82732971
1523177657.7188993,391.8,112798.94154071
1523177665.6763687,391.8,112754.8355764
1523177674.014532,391.8,112732.3215764
1523177681.7558663,391.8,112738.77389407
1523177690.184612,391.51,112769.77389407
1523177697.6245637,391.34,112756.02459164
1523177708.7881625,391.32,112756.02459164
1523177713.6530879,391.32,112758.52459164
1523177721.8593898,391.39,112758.52459164
1523177730.06875,391.4,112759.72459164
1523177953.767886,391.4,112562.4268007
1523178049.7597716,391.4,112553.60376145
1523178130.3325229,391.42,112727.06332051
1523178137.80499,391.42,112745.75073981
1523178145.7686427,391.7,112712.70812934
1523178153.9158192,391.7,112732.38142148
1523178169.6997855,391.9,112772.10339414
1523178177.7713158,391.9,112791.76585918
1523178185.798645,391.91,112794.12585918
1523178193.6611753,391.91,112802.59501049
1523178201.8707852,391.91,112823.36295323
1523178209.7617748,391.91,112840.06079087
1523178241.7253833,391.69,112894.94588463
1523178249.591658,391.69,112915.50625602
1523178298.2659867,391.69,112807.17021901
1523178338.0229971,391.69,112700.43658315
1523178361.775231,391.9,112692.85169759
1523178401.68931,391.9,112689.7022518
1523178425.911749,391.94,112719.31140685
1523178433.7416973,392.14,112757.2821026
1523178449.6552649,392.16,112755.90230931
1523178457.8288922,392.17,112770.20140112
1523178465.715961,392.52,112772.3792327
1523178473.82477,392.53,112772.7786727
1523178497.733356,392.54,112795.11862404
1523178505.7724147,392.11,112860.24174595
1523178513.8253882,392.11,112860.01536553
1523178569.898884,392.11,112839.01064937
1523178586.2290287,392.11,112834.27860737
1523178601.7942948,392.11,112869.03014041
1523178609.648666,391.93,112866.99824361
1523178841.906405,392.44,112743.7591707
1523178849.7098055,392.44,112753.20678632
1523178865.7914643,392.44,112748.01408741
1523178913.7952135,392.44,112744.72940107
1523178929.7392292,392.44,112749.72940107
1523178970.0264692,392.44,112726.75814595
1523178994.072072,392.08,112746.37422153
1523179001.6840377,392.07,112746.37422153
1523179009.9917,392.09,112709.18556573
1523179017.6746695,392.1,112709.18556573
1523179025.7327929,392.14,112709.08556573
1523179033.6993294,392.11,112708.61413493
1523179041.7933168,392.21,112708.61413493
1523179081.9134197,392.21,112693.16306118
1523179177.7079055,392.21,112681.12889195
1523179233.704968,392.21,112701.24397586
1523179257.848826,392.21,113278.73885124
1523179265.8480964,392.85,113750.75717164
1523179274.343974,393.01,113810.31692071
1523179281.9532075,393.06,113806.55286721
1523179290.1005497,392.6,113815.75918988
1523179297.6748302,392.75,113803.69445035
1523179305.6904132,392.78,113792.94004039
1523179313.8723953,392.98,113812.57104039
1523179322.3660944,392.97,113818.53421391
1523179345.9173412,392.82,113851.36966189
1523179353.852928,392.82,113848.30785466
1523179362.0283983,392.82,113848.60320666
1523179385.7201183,392.6,113812.66365911
1523179393.7973216,392.57,113812.66365911
1523179401.8129942,392.58,113812.66365911
1523179410.1704228,392.58,113812.68365911
1523179449.564465,392.58,113755.60818154
1523179481.7834096,392.8,113756.34139755
1523179489.7337625,393.24,113792.69134877
1523179537.880628,392.9,113825.40744877
1523179545.7655635,392.71,113828.79044877
1523179554.3241014,392.71,113828.75644606
1523179561.8592393,392.71,113826.79479579
1523179681.7328036,392.71,113445.2312587
1523179690.322346,392.71,113445.2312587
1523179762.2093477,393.06,113402.96414592
1523179769.6241977,393.09,113391.76577087
1523179777.9374125,393.09,113366.00232478
1523179785.7791193,392.73,113379.66667048
1523179793.6914697,392.59,113398.85277838
1523179857.7372723,392.59,113403.76889954
1523179938.2598994,392.59,113313.19733143
1523179945.6965473,392.59,113327.59733143
1523180033.9455416,392.24,113312.75045938
1523180041.7915196,392.03,113312.75045938
1523180050.1916423,392.28,113313.28745938
1523180081.7459574,392.28,113312.67465787
1523180089.7569144,392.28,113324.45277503
1523180105.7742796,392.28,113327.33759341
1523180161.7745636,392.28,113328.62948746
1523180202.1190557,392.28,113338.16845537
1523180217.8670933,392.28,113339.11845537
1523180377.8376136,392.28,113324.90567804
1523180409.7600214,392.28,113326.75036056
1523180466.1641526,392.28,113158.08760757
1523180482.0409658,392.28,113115.20648379
1523180537.8788145,392.28,113168.01209906
1523180546.1033762,392.28,113168.14059553
1523180690.1367342,392.28,113160.11156883
1523180698.0067997,392.21,113160.69818583
1523180873.849462,392.13,113159.30133629
1523180881.8923347,392.13,113130.01566913
1523180889.8594854,392.13,113130.89566913
1523181017.724404,392.13,113253.6747405
1523181026.372381,392.13,113253.46769224
1523181034.1973093,392.98,113532.43016058
1523181041.724292,393.22,113560.28254381
1523181049.849212,393.27,113615.15467223
1523181065.8090374,393.3,113644.27744139
1523181073.7796307,393.59,113650.83945908
1523181081.7705498,393.59,113671.54463128
1523181089.8285623,393.3,113772.71952036
1523181098.1210577,393.31,113772.97412036
1523181105.9421782,393.21,113804.98755114
1523181114.356616,393.21,113816.66340749
1523181121.824799,393.21,113829.46129277
1523181130.3446743,393.21,113847.76002389
1523181161.9993148,393.21,113881.38863854
1523181169.612113,393.21,113881.89266156
1523181217.7600121,393.66,114031.33792601
1523181225.9317234,393.79,114031.74073964
1523181233.7258165,393.8,114012.88288278
1523181257.7009048,393.8,114016.91238568
1523181265.8253834,393.8,114017.14626383
1523181282.1478293,393.48,114037.58917314
1523181290.0982893,393.48,114039.44138314
1523181329.860805,393.48,114039.05499668
1523181337.8862455,393.48,114039.94459668
1523181418.295737,393.48,114211.43741418
1523181426.493637,392.37,114247.89850621
1523181433.981074,392.58,114250.82688527
1523181441.9944093,392.58,114272.06934374
1523181449.8483517,392.63,114288.25681308
1523181457.7439117,392.67,114277.73023153
1523181466.26908,392.67,114277.78005491
1523181513.7754636,392.27,114304.66275549
1523181521.6852403,392.26,114306.87008343
1523181538.2361546,392.67,114333.43056362
1523181545.7919548,392.67,114282.30990385
1523181585.740208,392.67,114310.77534793
1523181601.706577,392.67,114311.21314752
1523181609.6957352,392.31,114332.13578374
1523181617.9811249,392.36,114333.83298416
1523181625.9330797,392.48,114346.62890122
1523181633.886741,392.55,114346.82890122
1523181641.662066,392.57,114372.27301022
1523181649.9426591,392.46,114385.63583864
1523181657.6416366,392.46,114386.23057341
1523181681.6752253,392.46,114386.4264812
1523181697.7590158,392.46,114386.70783685
1523181721.776761,392.46,114389.98556588
1523181729.85633,392.46,114391.11078588
1523181818.2100174,392.46,114428.27411518
1523181841.9274602,392.46,114438.22588218
1523181929.6962368,392.46,114501.81984711
1523181937.8305526,392.73,114389.93296396
1523181954.0222895,392.73,114382.99516731
1523181969.96081,392.73,114382.66543049
1523182258.4407527,392.73,114285.26145941
1523182265.821091,392.73,114284.90715941
1523182345.781973,392.73,114180.44866978
1523182354.0715084,392.73,114180.33917421
1523182457.6398976,392.73,114161.80617524
1523182465.9558258,392.73,114162.14421601
1523182529.7749088,392.73,114163.48233044
1523182538.136557,392.73,114163.78433044
1523182625.8247862,392.73,113912.41520221
1523182633.778638,392.73,113913.08520221
1523182658.23434,392.73,113914.08520221
1523182666.2804542,393.09,113953.71023647
1523182681.9193625,393.3,114004.65223275
1523182689.8451197,393.34,113975.61560381
1523182729.5701172,393.34,113908.11616687
1523182737.6998284,393.34,113910.43546719
1523182746.0523913,393.34,113938.14216684
1523182753.98366,393.34,113938.71894843
1523182762.005099,393.34,113939.64005568
1523182785.7080617,393.34,113970.75619358
1523182881.8188667,393.34,113942.53548976
1523182897.7119074,393.34,113984.54070975
1523182905.7126844,393.49,113984.66752969
1523182914.0872538,393.49,113980.19312677
1523182921.7110357,393.49,113980.3964873
1523183073.6496,393.49,113824.25945616
1523183081.6616595,393.49,113827.38883698
1523183105.7811337,393.49,113826.62136315
1523183130.1977115,393.49,113822.75037502
1523183234.2044773,393.49,113813.64231655
1523183337.6666853,393.49,113824.27573649
1523183386.244628,393.49,113821.88006191
1523183410.2807076,393.49,113815.27535385
1523183425.7880049,393.49,113809.38689074
1523183465.7882466,393.49,113865.20338997
1523183473.8889844,393.49,113965.54796569
1523183482.2576544,393.49,113966.21641569
1523183490.0602524,393.49,113995.15788106
1523183498.0712247,393.53,113990.79372106
1523183505.696509,393.63,113990.79372106
1523183514.3443727,393.51,113988.96562106
1523183521.6708934,393.53,113992.46562106
1523183529.599076,393.54,113992.71420723
1523183537.7406387,393.54,113992.94878068
1523183561.8288226,393.54,113995.19475728
1523183753.6857252,393.54,113954.6612342
1523183833.9013777,393.54,113910.59664328
1523183865.9725049,393.74,113945.40919221
1523183873.6551821,393.93,113945.40919221
1523183882.2756493,393.93,113960.40919221
1523183906.1819017,393.93,113950.01783707
1523183937.8854957,393.93,113937.49555025
1523184017.9568896,393.93,113935.80744025
1523184089.784319,393.93,113875.55486036
1523184121.7620895,393.93,113862.64761776
1523184265.6225097,393.93,113934.55235043
1523184290.4032812,393.93,114033.14876652
1523184329.836138,393.31,114082.18186761
1523184337.8840764,393.24,114105.58322377
1523184468.9600198,393.24,114060.00509096
1523184522.0198102,393.24,114035.69773591
1523184538.1542377,393.24,114035.93957178
1523184554.3446164,393.24,114037.1844273
1523184618.2258928,393.24,114036.39968333
1523184626.0464478,393.24,114037.19968333
1523184673.625758,393.24,114076.21055795
1523184689.6833177,393.24,114061.77725295
1523184698.1907573,393.24,114061.4848732
1523184761.628461,393.23,114133.23522861
1523184770.01971,393.23,114133.65522861
1523184826.149593,393.23,113839.19483677
1523184834.6723042,393.23,113840.31648342
1523184899.0320213,393.23,113871.97823421
1523184905.7901602,393.23,113873.77823421
1523184930.0145354,393.23,113935.7255628
1523184938.8920937,392.76,113972.66024038
1523184946.9157517,392.75,113975.71639238
1523184954.7076948,392.75,113984.71014665
1523184962.1683402,392.59,113985.70520565
1523184978.3349648,392.59,113986.10520565
1523184994.3140993,392.59,113983.36178052
1523185002.3634708,392.59,113984.95181471
1523185042.1736138,392.59,113982.60363353
1523185050.0659387,392.59,113982.62363353
1523185066.2052524,392.59,113983.02363353
1523185194.1902723,392.51,114035.54977088
1523185209.8635187,392.51,114034.43137305
1523185249.8864121,392.51,114059.59897868
1523185257.7617524,392,114198.68889795
1523185298.8995261,392,114180.49611565
1523185305.9048784,392,114177.16519565
1523185338.0512996,392,114152.17974478
1523185369.8344321,392.01,114164.66488704
1523185377.7004063,392.12,114164.66488704
1523185409.7915869,392.12,114156.17284776
1523185473.878249,392.12,114137.80090179
1523185489.8995342,392.12,114116.45200938
1523185529.684335,392.12,114038.64725498
1523185561.75906,392.12,114026.56027058
1523185570.3339179,392.13,114037.95992409
1523185578.2183573,392.47,114037.95992409
1523185586.1782706,392.47,114038.70992409
1523185602.0861902,393.03,114132.75731714
1523185609.6920962,392.85,114151.63375714
1523185618.1683042,392.98,114201.23434102
1523185625.6837232,392.9,114219.48078102
1523185633.7364376,392.91,114222.20078102
1523185650.1886506,393.04,114279.40795623
1523185657.7238047,393.05,114282.80795623
1523185681.7142386,393.05,114304.05298242
1523185690.4801295,393.05,114313.83746242
1523185713.8165548,393.05,114322.64785984
1523185730.0789673,392.92,114338.72429984
1523185738.281337,393.05,114338.72429984
1523185777.792706,393.05,114242.82133169
1523185785.7551382,393.05,114241.77397822
1523185841.6439135,392.93,114237.3471405
1523185850.2108314,392.89,114237.3471405
1523185857.7374985,392.97,114248.4916945
1523185865.7880652,392.89,114280.1271527
1523185873.6663828,392.98,114280.1271527
1523185882.3401191,393.03,114280.1595917
1523185889.9807322,393.03,114280.2017987
1523185921.7609732,393.03,114286.48325948
1523185929.8447201,393.03,114286.63308848
1523186065.9821248,393.03,114154.30564526
1523186081.710995,393.03,114197.78989937
1523186089.9090397,393.39,114217.66035306
1523186097.7487388,393.2,114217.45995306
1523186105.8040135,393.31,114200.43170318
1523186113.7912114,393.34,114195.52312318
1523186194.0195165,393.05,114202.3337753
1523186201.7810996,393.13,114203.2199713
1523186209.9585006,393.21,114204.0199713
1523186217.956351,393.02,114206.4672713
1523186225.801926,393.07,114206.4672713
1523186233.7922058,393.01,114206.5531733
1523186242.3472526,393.04,114206.6583733
1523186249.8894093,392.93,114206.6583733
1523186258.0252533,392.98,114206.6583733
1523186265.693795,393.06,114213.57703712
1523186274.1373918,392.99,114221.57703712
1523186281.665898,393.06,114221.64034997
1523186362.7892463,393.06,114221.95802008
1523186394.5122359,393.06,114246.75602008
1523186401.8002214,393.32,114253.25602008
1523186585.852198,393.17,114231.89557856
1523186593.7468216,393.12,114231.42326355
1523186601.793807,393.09,114228.25374135
1523186610.2042582,393.23,114094.77404556
1523186618.03441,393.31,114070.80984556
1523186626.645394,393.32,114069.0863673
1523186633.8056529,393.32,114053.8099942
1523186665.8726394,393.32,114054.3099942
1523186689.8247385,393.32,114054.5463182
1523186714.0034919,393.32,114069.88421045
1523186737.7206533,393.32,114077.03421045
1523186817.8799055,393.32,114047.10155081
1523186825.6273935,393.32,114048.01597081
1523186834.5868275,393.32,114045.08561309
1523186874.0230076,393.32,114044.27609173
1523186993.8986561,393.32,114046.12506448
1523187026.0174243,393.32,114050.12506448
1523187065.7553961,393.32,114056.59685232
1523187073.7681015,393.32,114126.70485232
1523187089.6798222,393.32,114127.50485232
1523187145.652857,393.93,114242.4965606
1523187153.7110643,393.94,114226.9719299
1523187161.7754962,393.94,114240.0456572
1523187169.991365,393.97,114251.68557876
1523187177.714074,393.97,114256.25422545
1523187185.7975342,393.98,114259.74628218
1523187249.6256506,393.98,114205.33057739
1523187273.9304311,393.98,114206.17166239
1523187297.6733065,394,114233.67517221
1523187305.6401377,394.01,114257.30584239
1523187337.7248483,394.01,114322.36328612
1523187361.777551,394.01,114322.52293415
1523187409.7066329,394.01,114350.57561906
1523187425.6915483,394.01,114357.67097664
1523187457.697908,394.01,114376.44100338
1523187498.0903654,394.01,114340.75117151
1523187522.2798011,394.01,114340.95117151
1523187570.2312112,394.01,114360.93379355
1523187577.8274748,394.01,114361.93379355
1523187673.73132,394.01,114355.71602404
1523187737.9003327,394.01,114346.66503266
1523187809.8614976,394,114255.70892852
1523187817.9107804,393.98,114257.52886983
1523187866.129736,394.01,114265.8634082
1523187882.13514,394.01,114276.8798782
1523187889.6328847,394.06,114280.6725182
1523187906.034746,394.06,114309.84115223
1523187914.059123,394.07,114347.25611524
1523187921.6768625,394.13,114382.43580411
1523187937.777568,394.19,114424.82733783
1523187945.7398317,394.24,114463.59381419
1523187969.754389,394.24,114465.64013419
1523187977.7180233,394.26,114315.42141882
1523188073.8125927,394.26,114357.38083099
1523188081.7812548,394.26,114355.7281078
1523188090.1625516,394.26,114351.82371979
1523188105.682183,394.26,114352.38362135
1523188138.0139263,394.26,114344.78583026
1523188154.10269,394.26,114500.92182833
1523188162.2123048,394.7,114678.53630999
1523188170.0293968,394.93,114742.94137413
1523188194.0246756,394.98,114881.55807593
1523188202.0633614,394.99,114882.55807593
1523188210.253681,395,115496.46707349
1523188218.0341537,395.49,115535.95941598
1523188226.1425347,395.49,115553.53074049
1523188266.12624,395.49,115641.60609456
1523188273.6920314,395.49,115645.68924109
1523188298.2697027,395.89,115715.17007384
1523188306.070065,395.9,115718.49742743
1523188314.2086287,395.9,115757.65597143
1523188321.8519676,395.99,115872.1433572
1523188330.26135,396.89,116047.46245399
1523188353.9553213,397.47,116884.59976854
1523188362.4081287,397.72,117216.24461071
1523188386.2730765,398.68,117483.5964672
1523188393.7468946,398.09,117726.20589811
1523188402.4141343,398.32,119480.36621257
1523188409.9237485,398.62,119547.75893878
1523188425.8159828,398.51,119616.45275231
1523188433.8195508,398.4,119614.97219932
1523188441.7005234,398.41,119621.68762725
1523188457.8397915,398.42,119666.23470643
1523188465.660118,398.43,119681.99272383
1523188473.7245662,398.01,119942.90567371
1523188482.1849961,398.43,119955.03886756
1523188489.6701534,398.55,119971.0249032
1523188497.9360268,398.6,119980.33939974
1523188506.2273848,398.6,119981.17439974
1523188514.2980223,398.6,119983.4857773
1523188530.3197803,398.6,120024.87494816
1523188538.148069,398.6,120025.31231816
1523188553.7437384,398.6,120058.94635107
1523188561.8466327,398.6,120061.30306815
1523188569.927768,398.6,120040.90101219
1523188577.6761618,398.61,120060.21998743
1523188586.152734,398.67,120060.53299226
1523188601.763684,398.67,120067.21271474
1523188609.8460908,399.03,120096.3217383
1523188625.7987409,399.09,120131.73285034
1523188633.755705,399.18,120137.35952034
1523188665.9549809,399.18,120197.52340191
1523188673.9149532,399.24,120192.03028522
1523188681.8256087,399.28,120197.6090355
1523188698.0174747,399.32,120265.43565924
1523188706.1580937,399.51,120278.55543276
1523188714.161389,399.53,120263.81409763
1523188721.8437414,399.57,120266.82191712
1523188729.9842913,399.94,120283.30428456
1523188738.2423859,399.98,120394.37841889
1523188745.7428505,400,120406.89288259
1523188754.5796487,400.27,120435.80638259
1523188761.73212,400.42,120609.39813757
1523188770.370274,400.53,121009.2400816
1523188778.0453973,400.94,121347.90799975
1523188786.5914445,400.96,121374.30244407
1523188809.94158,400.96,121426.82988389
1523188818.0314388,401.09,121491.33440914
1523188834.0661752,401.09,121671.85725268
1523188841.7716537,401.01,121661.77030832
1523188850.124596,401,121850.25062254
1523188858.154047,400.03,121916.99447534
1523188866.2271056,400.01,122238.55795702
1523188873.703788,399.52,122259.35741396
1523188881.8181353,399.4,122337.79370566
1523188889.8010983,399.4,122385.140292
1523188898.155245,399.79,122513.69985996
1523188905.9456499,399.79,122510.15467164
1523188922.1111255,399.79,122524.16384191
1523188930.1869586,399.79,122445.93229699
1523188937.917244,399.79,122423.1532746
1523188945.8872292,399.9,122429.8632746
1523188961.8382044,399.9,122444.57002172
1523188977.6994333,399.9,122477.97645524
1523188986.1207745,399.31,122477.04763323
1523188993.7643185,399.31,122596.16576721
1523189001.888875,398.94,122662.958176
1523189010.300366,398.94,122741.62166566
1523189017.8554947,398.8,122803.25660559
1523189026.081545,398.49,122760.62236256
1523189033.6334157,398.51,122785.50475556
1523189041.9789245,398.59,122831.44282239
1523189049.7415106,398.51,122849.24609528
1523189057.659061,398.55,122832.56526114
1523189065.8440144,398.66,122829.58527476
1523189074.209066,398.83,122892.29152955
1523189081.6496,399.5,122879.64363178
1523189090.3046308,399.54,122870.00919146
1523189098.143963,399.2,122871.39078066
1523189138.0775719,399.2,122786.01027594
1523189145.9541976,399.2,122791.19295657
1523189169.8725188,399.2,122791.54773897
1523189177.6289809,399.2,122796.79773897
1523189193.6772175,399.2,122799.42993409
1523189209.8631592,399.49,122843.98452532
1523189217.7949505,399.59,122844.09451448
1523189226.453282,399.59,122844.03581448
1523189241.793853,399.63,122870.15080364
1523189249.763196,400.03,122870.49075964
1523189257.8046007,400.07,122886.7287189
1523189265.8261814,400,122884.13162872
1523189273.9390938,400.09,122886.13162872
1523189281.900467,400.1,122886.97660622
1523189289.8347135,400.08,122891.95656622
1523189297.6961632,400.08,122888.52213398
1523189305.8662987,400.09,122888.92213398
1523189313.8390336,400.08,122997.44434473
1523189321.6799204,400.61,123002.62154515
1523189345.6840575,400.1,123028.8521723
1523189353.9141762,400.03,123031.55154236
1523189362.087372,400.03,123031.63382364
1523189370.3358212,400.03,123031.73382364
1523189385.9227867,400.03,123071.14364987
1523189393.773202,400.2,123071.60230047
1523189402.011563,400.2,123088.07574283
1523189409.6845632,400.21,123135.08523576
1523189425.796286,400.21,123157.89730083
1523189433.8282382,400.68,123170.52277607
1523189441.752245,400.81,123179.93197495
1523189449.6573737,401.13,123205.45543542
1523189457.877534,401.35,123549.95831645
1523189466.0536726,401.48,123689.66655851
1523189490.1922312,400.8,123793.88793682
1523189498.0556867,400.71,123838.83484642
1523189506.2875707,400.71,123839.96584642
1523189513.8260982,400.71,123852.32755017
1523189521.7207994,400.71,123875.35010184
1523189529.8722515,401.47,123885.35778082
1523189537.8776045,401.47,123905.70561805
1523189546.0013561,402.38,124338.99279401
1523189553.9822767,403.03,124771.87695734
1523189562.1444588,403.16,124942.19463578
1523189569.7379367,403.16,125051.01914561
1523189586.083164,402.91,125119.55503815
1523189593.8701673,403.06,125120.39920278
1523189642.2244565,403.05,125270.02100758
1523189657.895621,402.51,125410.58333285
1523189665.7842908,402.51,125482.97574558
1523189674.0087464,402.03,125523.12359438
1523189682.1408904,402,125554.47110718
1523189689.930309,402,125553.37601624
1523189697.7967615,401.98,125580.4407978
1523189705.9532802,401.99,125807.75695065
1523189721.8713932,402.23,125876.97313782
1523189745.8856099,402.4,125893.67327537
1523189778.1459835,402.43,125906.14397528
1523189785.78626,402.47,125906.14397528
1523189810.0084467,402.47,125916.72961705
1523189818.02069,402.47,125917.89849201
1523189825.6882439,402.47,125953.94119767
1523189833.8612843,403,125986.04278122
1523189841.6633263,403,126011.71769063
1523189857.6570604,403,126233.03468974
1523189866.2102091,403,126234.38382354
1523189929.8479598,403,126288.79752323
1523189937.6562757,403,126286.65035982
1523189969.810149,402.7,126359.27009562
1523189978.338531,403.02,126448.24545968
1523189986.2471673,403.05,126396.15854174
1523189994.1319056,403.05,126394.19086395
1523190010.2320278,403.04,126431.28044526
1523190017.7731361,403.04,126431.28044526
1523190025.660768,403.04,126432.51374147
1523190041.8044603,402.84,126462.36800676
1523190049.764094,402.85,126451.94796676
1523190057.6779354,402.85,126392.44001706
1523190065.840894,402.91,126392.44001706
1523190081.8429477,402.91,126301.02343144
1523190098.1299462,402.91,126307.78714992
1523190113.6276824,402.91,126324.46335042
1523190121.86996,402.96,126324.31718042
1523190137.7783828,402.96,126250.17050664
1523190154.0088632,402.96,126167.62137142
1523190161.8250966,402.96,126158.98844198
1523190169.834834,402.96,126158.09091622
1523190177.6675391,402.96,126147.17545443
1523190201.8735285,402.98,126194.98316177
1523190225.723101,402.85,126249.46668861
1523190233.843431,402.01,126353.99724213
1523190241.897102,401.84,126400.45766722
1523190249.858268,401.98,126561.75644678
1523190258.0710557,402.07,126583.02450633
1523190266.0508952,402.14,126602.18694439
1523190273.8253813,402.2,126619.05316482
1523190281.7656703,402.21,126624.07543159
1523190289.8243704,402.21,126624.2874842
1523190297.831002,402.21,126624.9490091
1523190306.0174272,402.21,126674.29813563
1523190313.807366,402.22,126684.20958216
1523190330.2972205,402.22,126675.48982803
1523190337.676419,402.23,126676.77982803
1523190353.783786,402.23,126693.74163225
1523190361.8664253,402.27,126721.47820418
1523190370.2053232,402.28,126721.47820418
1523190378.1282527,402.28,126721.47820418
1523190386.086362,402.4,126724.13962403
1523190393.9220135,402.4,126724.13962403
1523190402.1183493,402.72,126724.46362403
1523190410.062852,402.67,126725.57843519
1523190417.898971,402.68,126723.982284
1523190441.6841176,402.68,126674.22874887
1523190449.861834,402.68,126658.19950815
1523190465.7783065,402.68,126659.30613181
1523190482.2837481,402.68,126660.10682744
1523190497.7390418,402.68,126663.29118969
1523190522.0842066,402.68,126665.55874467
1523190529.8040588,402.68,126665.63874467
1523190545.8057282,402.68,126666.85204467
1523190577.9390843,402.68,126663.10597722
1523190593.8151028,402.68,126637.47450797
1523190617.817289,402.68,126633.86582835
1523190633.943952,402.68,126656.76515632
1523190657.7082145,402.75,126670.82695632
1523190665.7362807,402.85,126675.18310811
1523190682.031349,402.85,126673.41094806
1523190730.1939323,402.85,126620.32270748
1523190737.892249,402.85,126611.26326715
1523190793.7315993,402.85,126644.12029118
1523190801.913649,402.85,126644.40299118
1523190825.9619749,402.85,126674.5706442
1523190841.8561134,402.85,126673.91214876
1523190850.075932,402.85,126682.13916904
1523190857.8096561,402.85,126685.8171052
1523190865.712525,402.85,126683.33717144
1523190874.2456868,402.85,126683.15782247
1523190937.8079844,402.85,126878.51150527
1523190953.800102,402.85,126865.51150527
1523190969.7669907,402.85,127043.01351404
1523190977.7831795,402.85,127065.31004828
1523190985.6816201,403.24,127103.9949582
1523190993.9491563,403.25,127261.04133635
1523191009.8094156,403.31,127306.51963598
1523191017.6985648,403.31,127308.86753886
1523191138.521972,403.3,127513.01097577
1523191146.1338272,403.3,127566.67967323
1523191153.735397,402.3,127597.80127125
1523191161.884522,401.94,127695.4023073
1523191169.7679393,401.91,127704.61879015
1523191177.7257092,401.91,127779.70224612
1523191185.7884421,401.91,127783.60982636
1523191193.8938215,401.88,127785.42913636
1523191201.8600042,401.26,127854.22714691
1523191210.2029831,401.32,127926.09027375
1523191218.2089663,401.33,127928.34027375
1523191225.8933961,401.33,127853.93852775
1523191265.8285108,401.48,127863.69384333
1523191273.7129374,401.48,127871.72547459
1523191282.325359,401.48,127879.23181973
1523191298.7180438,401.48,127885.06212962
1523191313.9059937,401.48,127887.70712962
1523191322.383514,401.48,127888.70712962
1523191337.7275002,401.48,127892.87197886
1523191353.954291,401.48,127890.41799551
1523191370.3688717,401.48,127844.97799543
1523191377.7428198,401.48,127864.43237736
1523191401.801766,401.48,127875.71789572
1523191410.2762997,401.48,127877.98897291
1523191417.845505,401.48,127879.23397291
1523191441.8772223,401.48,127886.52857195
1523191450.3903487,401.63,127887.77357195
1523191457.759897,401.79,127889.53657195
1523191466.1082575,401.94,127889.60589095
1523191473.79157,401.97,127884.60589095
1523191481.8516412,401.97,127884.39080095
1523191569.7618785,401.97,127921.47863451
1523191577.8676934,401.97,127922.27863451
1523191585.9043236,401.97,127927.05906671
1523191602.1543598,401.97,127927.16238759
1523191682.0214748,401.97,127973.236558
1523191706.0902524,401.97,127972.50799484
1523191721.9849706,401.97,127977.1265466
1523191729.8090124,401.97,127985.89383069
1523191802.103166,401.97,127996.76328615
1523191817.675788,401.97,128006.66536822
1523191825.8109622,401.99,128028.78868911
1523191881.856699,401.99,127118.62048959
1523191889.725428,401.99,127109.33417328
1523191913.7528243,401.99,127098.24188325
1523191930.2850838,401.99,127090.00901853
1523191946.22342,401.99,127099.78294217
1523191961.8997843,401.99,127096.34497317
1523191970.1469622,401.99,127197.08519817
1523191986.0113826,401.99,127294.75957699
1523191993.711624,402.08,127286.89147822
1523192001.8946047,402.07,127336.09003708
1523192009.6948023,402.07,127324.91856549
1523192026.1193697,402.07,127319.6140652
1523192033.6693873,402.07,127321.78453533
1523192049.7076008,402.17,127386.29936533
1523192058.0964942,402.17,127413.63878033
1523192082.1732767,402.76,127484.86650396
1523192090.302926,402.76,127481.52126784
1523192098.1987767,402.82,127507.41531075
1523192105.8601825,402.82,127507.60545693
1523192121.6860943,402.82,127511.85695849
1523192130.1754682,402.91,127541.07375429
1523192145.8175333,403.29,127653.72669827
1523192154.12148,403.33,127657.98176827
1523192169.6818697,403.38,127703.27802869
1523192177.856196,403.38,127703.57716404
1523192218.072777,403.44,127894.36326037
1523192225.8098497,403.45,127889.48943917
1523192250.148632,403.45,127888.63402057
1523192257.7425146,403.45,127889.21652723
1523192265.8382158,403.51,127927.2344486
1523192281.87826,403.51,127932.97535899
1523192289.8178902,403.51,127934.29521089
1523192362.2087789,403.56,128059.66208132
1523192410.326345,403.61,128130.027346
1523192450.0876827,403.61,128156.54111973
1523192458.1100874,403.61,128223.62214235
1523192465.7094717,403.68,128235.52618017
1523192473.6628628,403.68,128236.68046546
1523192498.2930346,403.73,128317.30140872
1523192505.888733,403.74,128324.20810907
1523192513.931189,403.74,128326.83506907
1523192522.034914,403.74,128338.13560779
1523192530.0299366,403.79,128402.0646127
1523192538.207036,404.06,128499.05241355
1523192553.8351347,403.84,128432.45364334
1523192561.7405279,403.84,128432.05940236
1523192569.7604208,403.84,128317.7361099
1523192577.81363,403.9,128317.08967408
1523192585.828055,403.9,128250.87850873
1523192594.135281,403.9,128252.24153659
1523192690.0183742,403.74,128403.44824479
1523192697.7490497,403.69,128428.13759137
1523192705.7983327,403.29,128451.75069137
1523192713.8360884,403.29,128452.75069137
1523192729.8493135,403,128500.08604561
1523192737.7744832,403,128518.860632
1523192769.9125087,403,128517.12505431
1523192793.8642612,403,128524.57623334
1523192801.8574855,403,128543.46580962
1523192810.0591173,402.83,128543.96119222
1523192873.712539,402.83,128590.10190165
1523192882.1532838,402.83,128591.23390652
1523192897.7850816,402.83,128616.36784664
1523192905.7216067,402.46,128641.44672569
1523192922.1745286,402.47,128665.97422149
1523192929.8388329,402.48,128666.43722149
1523192937.9357216,402.48,128690.22722149
1523192945.9719133,402.48,128692.83015433
1523192953.7153926,402.48,128698.1031964
1523192969.9763353,402.48,128699.5749936
1523192985.8323174,402.48,128699.61769599
1523193001.9222095,402.48,128699.64205125
1523193009.8495522,402.48,128700.01575909
1523193017.9849548,402.48,128697.90363619
1523193089.7471025,402.31,128683.34972145
1523193098.2388613,402.15,128688.12852758
1523193106.699239,401.85,128736.21086861
1523193113.7578707,401.84,128736.86990524
1523193121.9257662,401.84,128740.83890524
1523193129.9452136,401.83,128764.20595789
1523193194.256742,401.83,128784.17544805
1523193201.859736,401.64,128806.45644738
1523193209.8202813,401.65,128808.05644738
1523193226.1630797,401.34,128837.54144738
1523193242.3060467,401.34,128847.91890738
1523193250.2577963,401.34,128851.95944738
1523193257.8618147,400.98,128921.33954113
1523193273.8297377,400.99,128930.75449149
1523193321.7911768,400.99,129037.55001151
1523193329.7371783,400.95,129048.83258988
1523193338.1291134,400.95,129051.16320466
1523193345.6665,400.95,129070.0102992
1523193370.0864604,400.95,129068.2227692
1523193377.7074578,400.95,129080.06158507
1523193386.111906,400.95,129100.47843667
1523193394.2356231,400.95,129119.93132691
1523193418.0050325,400.95,129034.69740458
1523193433.8302653,400.95,129014.51710458
1523193441.784107,400.96,129001.65306829
1523193457.8188875,400.96,129012.63941691
1523193529.9017546,400.96,128985.80741685
1523193545.9226353,400.96,128983.18562418
1523193561.947735,400.96,128976.9159639
1523193569.7399998,400.1,129066.29818783
1523193577.8135457,400.11,129068.88918783
1523193586.1823492,400.41,129072.56303735
1523193594.5124733,400.3,129070.70880432
1523193602.1900387,400.31,129071.09568432
1523193610.4193037,400.31,129067.49222432
1523193617.867161,400.39,129069.1721052
1523193626.0595443,400.47,128633.91383171
1523193633.7712274,400.47,128588.87088156
1523193641.7375035,400.47,128605.28714208
1523193649.684036,400.47,128608.18276924
1523193657.9989524,400.47,128599.94777957
1523193665.7626326,400.47,128598.22935175
1523193673.8772895,400.47,128601.07302945
1523193681.9810803,400.47,128594.92244411
1523193705.884168,400.47,128593.68703111
1523193737.6897695,400.08,128632.56084111
1523193745.9499772,400.18,128641.3438056
1523193753.81913,400.11,128638.34287815
1523193762.0602558,400.07,128637.23515814
1523193770.399147,399.98,128635.87749814
1523193777.677501,399.97,128635.64132814
1523193785.8289402,399.98,128672.61599443
1523193793.6836278,400.02,128669.99799443
1523193801.9095864,400.08,128674.5022919
1523193809.898534,400.1,128674.80411605
1523193817.8600183,400.1,128679.80411605
1523193825.8045151,400.11,128679.63251705
1523193841.613308,400.11,128702.53479705
1523193849.8123055,400.08,128742.38645805
1523193857.7311366,400.09,128707.19811172
1523193866.1267598,400.09,128717.84875453
1523193913.7821083,400.09,128737.81291453
1523193921.7169323,400.09,128738.02631453
1523194010.0365305,400.09,128802.99819712
1523194033.6925905,400.3,128897.85240103
1523194041.702721,400.38,128898.54056103
1523194049.900186,400.38,128897.39553412
1523194097.9540308,400.38,128790.70050323
1523194161.7646503,400.38,128650.36655255
1523194178.4108574,400.45,128663.05217129
1523194185.707127,400.45,128619.74165285
1523194194.1324782,400.47,128595.74165285
1523194202.1741989,400.47,128595.62316285
1523194210.383338,400.47,128589.51385328
1523194233.84243,400.47,128604.25923148
1523194265.697763,400.64,128630.41568373
1523194273.8330972,400.62,128630.36398373
1523194281.9290152,400.68,128630.90426429
1523194290.084978,400.69,128630.90426429
1523194306.1555104,400.68,128619.94470971
1523194314.3568149,400.68,128620.94470971
1523194330.1749694,400.68,128621.92998937
1523194337.869343,400.68,128621.92998937
1523194346.346924,400.68,128622.82998937
1523194378.0746613,400.68,128624.63031789
1523194394.2629316,401.29,128633.90922643
1523194401.711306,401.29,128657.15252643
1523194425.8073897,401.49,128656.13426182
1523194434.1690507,401.5,128658.78298333
1523194457.7526035,401.5,128435.07318619
1523194514.582496,401.5,128157.21176583
1523194522.3595085,401.5,128034.85080728
1523194537.7962947,401.5,128035.39101289
1523194545.6598828,401.51,128036.29101289
1523194553.7736905,401.5,128038.92509343
1523194561.6766434,401.5,128038.92509343
1523194570.3276286,401.56,128061.52169343
1523194577.690564,401.74,128072.31614693
1523194585.7690425,401.73,128062.37729107
1523194593.7045379,401.73,128068.73707218
1523194649.925957,401.73,128028.45424221
1523194657.7961745,401.73,128033.36724221
1523194666.2339356,401.73,128035.56292221
1523194682.2335553,401.73,128031.54398163
1523194746.0031316,401.73,128074.5895497
1523194753.8874922,401.77,128085.5895497
1523194810.1111333,402.02,128154.23761752
1523194817.9074671,402.02,128155.23761752
1523194825.8634303,402.02,128154.78444236
1523194873.7299666,402.01,128196.2851546
1523194898.3139322,402,128070.36353802
1523194913.2437534,402,128196.25811075
1523194914.399051,402,128199.89791175
1523194985.783431,401.79,128220.36079512
1523194994.3034225,401.73,128223.90682318
1523195049.8654327,401.51,128299.75556251
1523195057.8060699,401.51,128299.75556251
1523195065.9749234,401.31,128351.46705788
1523195073.7738621,401.32,128351.46705788
1523195089.7418547,401.32,128336.02621272
1523195177.8910344,401.32,128308.09228535
1523195201.8902936,401.32,128307.23258065
1523195210.2625387,401.32,128308.28594413
1523195217.8105688,401.32,128332.14904413
1523195225.9612,401.33,128326.2222798
1523195233.7782826,401.32,128329.30955929
1523195241.8858192,401.33,128314.41009179
1523195289.7023616,401.33,127986.18865734
1523195361.7673423,401.33,127697.65721348
1523195433.8541992,401.33,127445.6876378
1523195466.2781582,401.33,127439.26319506
1523195514.4530966,401.33,127439.59254527
1523195602.1222205,401.33,127433.58274896
1523195618.2902493,401.33,127055.34146971
1523195641.7295523,401.29,126843.30107006
1523195650.425803,401.3,126650.91121531
1523195665.9538414,401.29,126622.37313037
1523195674.1349745,401.29,126467.15653781
1523195681.6986349,401.15,126431.53751204
1523195689.9012542,401.18,126417.79187446
1523195698.2779732,401.26,126406.33935317
1523195706.1597762,401.15,126407.50568847
1523195713.8160121,401.12,126406.35325951
1523195721.8799243,401.18,126362.21564487
1523195729.8051472,401.09,126325.98144208
1523195737.8244088,401.09,126322.0523758
1523195745.7449734,401.09,126374.84370748
1523195753.7314277,401.09,126372.92032748
1523195761.801827,400.88,126383.31469061
1523195786.014889,400.88,126353.79710618
1523195801.7138057,400.88,126355.65790418
1523195818.131209,400.88,126304.86372963
1523195842.0290024,400.88,126265.2345819
1523195865.744351,400.88,126275.64061449
1523195873.6706765,400.88,126251.39501449
1523195882.1117094,400.88,126228.70382734
1523195890.0506701,400.88,126129.45012467
1523195897.951326,401.06,126116.81740563
1523195905.7969506,401.06,126117.78403563
1523195922.1892276,400.88,126227.9689479
1523195945.7562795,400.88,126337.72799223
1523195953.8771536,400.75,126356.03783081
1523195961.816598,400.75,126357.87901231
1523195986.2248638,400.75,126364.59454995
1523196057.9134684,400.75,126361.37520879
1523196073.786581,400.75,126364.02547879
1523196089.9193375,400.75,126366.19465096
1523196137.9357452,400.71,126391.97229052
1523196145.863431,400.75,126392.47076041
1523196153.764468,400.75,126390.50905451
1523196169.7712262,400.75,126401.32209667
1523196177.890398,400.75,126436.73221507
1523196201.7611651,400.75,126389.54291345
1523196234.1967778,400.75,126365.77714163
1523196242.0350835,400.75,126366.05001274
1523196265.8761885,400.75,126389.48123583
1523196282.198264,400.75,126396.95833972
1523196289.8274014,400.75,126396.58596092
1523196322.207039,400.81,126428.13442136
1523196329.7302296,400.97,126428.13442136
1523196338.2852478,400.97,126429.13442136
1523196361.7562034,400.99,126425.59376043
1523196369.745114,400.99,126425.64028898
1523196377.7975972,401.11,126447.17398141
1523196401.7506614,401.11,126447.22050996
1523196417.7624102,401.11,126449.26550996
1523196562.145775,401.11,126054.68640219
1523196738.0814023,401.11,125998.82837245
1523196746.0876238,401.11,125997.51619245
1523196794.4024618,401.11,125976.88743693
1523196849.783679,401.11,125951.74266208
1523196866.2471502,401.03,125984.22746208
1523196873.8851752,401.01,125988.70763708
1523196914.1784904,401.01,125991.18786708
1523196922.0887094,401.01,125994.18786708
1523196994.3775415,401.01,125985.80132277
1523197034.1182842,401.01,126061.24246754
1523197041.7815797,401,126069.9690478
1523197065.7548728,401,126070.79802108
1523197074.1386373,401,126072.19802108
1523197226.052036,401,126042.26672476
1523197233.7508254,401,126311.97821937
1523197241.9871864,400.44,126311.97821937
1523197258.4202147,400.44,126312.26626766
1523197330.253241,400.44,126304.43382896
1523197369.8116155,400.44,126289.83128506
1523197465.7084465,400.44,126144.19901566
1523197474.105463,400.44,126144.55301976
1523197505.752763,400.44,126154.47377324
1523197513.8393357,400.05,126258.37377324
1523197521.8793387,400.05,126260.97377324
1523197553.7863452,400.05,126266.49535205
1523197586.2015944,400.05,126270.26828001
1523197778.3426735,400.05,126049.49303206
1523197801.75814,400.05,126047.38316004
1523197809.815047,400.05,126059.77572372
1523197826.4095094,399.84,126109.85894863
1523197849.8730755,399.84,126085.57786961
1523197866.2680583,399.84,125989.19739716
1523197873.7423055,399.84,125987.35597591
1523197954.0243292,399.84,125995.5872776
1523197970.189878,399.84,125984.31845093
1523197977.6432865,399.64,126003.7013348
1523197986.6902502,399.64,125999.45951831
1523198074.1687424,399.64,126028.63687584
1523198154.0245893,399.64,125595.16390849
1523198209.8439124,399.64,125613.36596303
1523198217.9025834,399.5,125625.80237272
1523198226.1312191,399.5,125628.72237272
1523198265.8579347,399.5,125629.75043893
1523198297.763345,399.5,125642.04050606
1523198322.1087048,399.5,125656.72337107
1523198345.990023,399.5,125680.9848469
1523198353.839176,399.61,125690.21419703
1523198362.0549774,399.61,125690.21419703
1523198369.6977983,399.61,125709.41069307
1523198377.9141893,399.61,125713.71704522
1523198385.8284054,399.61,125714.00676842
1523198393.7269607,399.61,125714.13986039
1523198425.716947,399.51,125826.42701444
1523198434.0719197,399.5,125834.82184093
1523198473.8416402,399.5,125785.05975817
1523198482.1903436,399.5,125787.88049734
1523198522.2629936,399.5,125747.85213103
1523198530.0735035,399.5,125749.308711
1523198538.1201708,399.5,125750.21575
1523198554.1729004,399.5,125563.9091232
1523198569.9576058,399.5,125552.65571476
1523198665.8955805,399.5,125555.79554179
1523198674.0706627,399.5,125556.19554179
1523198722.1546402,399.46,125593.65547164
1523198729.7332382,399.46,125601.75783816
1523198745.806338,399.31,125677.52257566
1523198753.9141111,399.17,125689.33797566
1523198762.1381316,399.17,125689.97989466
1523198793.7427485,399.17,125712.03705085
1523198801.8885286,399.07,125760.48878152
1523198809.999156,399.07,125767.80552166
1523198849.6876974,399.07,125820.62955817
1523198858.3953729,399.07,125766.41337489
1523198881.6499317,399.06,125825.47979394
1523198897.7772706,399.05,125840.29914307
1523198946.1721425,399.05,125791.99265833
1523198953.7470784,399.05,125793.80180833
1523199001.8024113,399.05,125691.16397692
1523199009.9029367,399.05,125679.43198067
1523199026.3244345,398.76,125741.32856386
1523199033.9341362,398.76,125718.33356386
1523199066.169579,398.76,125750.90638571
1523199090.2557247,398.57,125779.98173434
1523199098.1855428,398.56,125811.08173434
1523199105.9264607,398.56,125819.94614212
1523199177.7092452,398.56,125864.26075684
1523199193.6425874,398.56,125863.63394985
1523199202.2244744,398.56,125878.61790305
1523199217.9243064,398.56,125895.48374763
1523199234.2951138,398.19,126101.58365464
1523199242.234011,398.3,126224.01465464
1523199249.79657,398.1,126425.57835464
1523199257.919168,397.99,126427.57835464
1523199265.6737018,398,126439.57835464
1523199273.712859,398.05,126441.67835464
1523199281.7515588,398.06,126442.67835464
1523199313.7405632,398.06,126462.91694778
1523199322.153133,398.06,126393.40198961
1523199553.7409668,398.06,126028.87175015
1523199601.7837296,398.06,126025.52883538
1523199633.7852225,398.06,126042.7202032
1523199641.6800132,398.21,126124.55302057
1523199649.7306163,398.31,126125.55302057
1523199674.4337149,398.31,126138.53689539
1523199761.832376,398.31,126155.08936741
1523199778.1402097,398.31,126213.22619977
1523199801.8051693,398.31,126223.22619977
1523199809.8234906,398.31,126234.36593977
1523199817.8651586,398.31,126237.66693977
1523199825.8538885,398.31,126242.01440977
1523199833.9277952,398.21,126267.57417133
1523199841.8248572,398.21,126271.79124371
1523199849.6713574,398.21,126274.45396411
1523199858.2504768,398.21,126274.85409013
1523199905.8047922,398.21,126291.22432257
1523199929.922503,398.21,126303.32649824
1523199978.1778967,398.2,126289.60924766
1523200017.6935778,398.2,126322.43505719
1523200025.806832,398.2,126322.73901309
1523200050.6791215,398.2,126325.87851309
1523200081.6990192,398.2,126299.26286251
1523200105.846202,398.21,126310.0817349
1523200113.7203116,398.21,126316.07720174
1523200185.8133903,398.21,126342.72772647
1523200210.4516277,398.21,126342.45659041
1523200241.683057,398.21,126366.61545408
1523200250.5061722,398.33,126366.61545408
1523200258.5457869,398.33,126364.23393408
1523200273.9222586,398.43,126388.70574234
1523200282.2256198,398.46,126389.70574234
1523200289.8116877,398.46,126390.70574234
1523200298.1668205,398.59,126391.74344234
1523200305.8862214,398.54,126416.50914613
1523200322.289057,398.54,126426.54914613
1523200329.7923033,398.54,126426.54914613
1523200362.1393538,398.54,126423.39625469
1523200393.8823497,398.54,126448.27138153
1523200417.8972487,398.54,126448.47138153
1523200466.2023017,398.54,126468.19966253
1523200473.7785678,398.54,126469.08289253
1523200506.1979632,398.54,126468.04431464
1523200513.7379906,398.54,126488.3273439
1523200625.8674297,398.56,126630.16745861
1523200633.6359286,398.57,126625.77612377
1523200641.7834854,398.65,126625.77612377
1523200658.0488966,398.65,126744.09612906
1523200673.7724655,398.65,126757.24629068
1523200681.9614754,398.65,126763.16431985
1523200713.6883643,398.65,126756.9701366
1523200729.8320959,398.65,126856.12287446
1523200745.9502783,398.65,126878.66216901
1523200769.7270243,398.65,126775.19507809
1523200793.8157825,398.65,126776.96178591
1523200809.7758498,398.65,126785.10309082
1523200817.8004284,398.65,126785.85522332
1523200834.118913,398.65,126786.85522332
1523200841.787879,398.65,126787.44946957
1523200849.8415568,398.65,126790.15125786
1523200857.9436789,398.81,126814.25212102
1523200866.2090707,398.92,126830.25212102
1523200906.1091948,398.92,126834.20212102
1523200954.0618868,398.92,126830.07266502
1523201010.2728288,399,126845.60599739
1523201017.8695383,399,126846.21599739
1523201042.106492,399,126696.9667566
1523201050.304578,399,126801.65903481
1523201057.7082994,399.11,126916.49329146
1523201065.7700722,399.31,127118.49239146
1523201073.8633459,399.65,127415.51471233
1523201082.2429633,399.89,127513.97751233
1523201089.815767,399.98,127514.37751233
1523201098.4225495,399.98,127515.36264333
1523201105.8737535,399.98,127516.76214333
1523201121.936638,399.98,127517.00826274
1523201130.097633,399.98,127657.13266274
1523201137.9992893,399.98,127659.23266274
1523201162.1635063,400.01,127563.7522832
1523201170.24442,400.01,127551.82251122
1523201202.3442857,400.01,127521.86623905
1523201210.2084084,400.01,127504.59833224
1523201314.6103847,400.01,126550.19042592
1523201329.8027716,400.01,126517.61815848
1523201337.7200685,400.01,126442.61831108
1523201346.0500448,400.02,126400.46525089
1523201353.8548682,400.05,126344.54525248
1523201362.0741441,401.01,126516.50466975
1523201369.812686,401.03,126290.0506124
1523201385.8270783,401.03,126273.57961066
1523201393.7208297,401.03,126508.16180425
1523201402.0435739,402.01,126587.41701272
1523201410.2646382,401.68,126566.39185884
1523201418.0212972,401.68,126565.1977389
1523201434.0545037,402,126473.10905865
1523201457.9169233,402,126373.11026709
1523201465.8205705,402.37,126420.3987733
1523201473.9004974,403.28,127511.21517204
1523201481.6871305,403.28,127301.214437
1523201489.746604,403.28,127222.28540228
1523201498.111745,403.06,127218.75250054
1523201506.1289248,403.14,127220.45741757
1523201513.8534584,403.01,127237.83772988
1523201521.824441,403.03,127237.09673534
1523201561.7842455,403.03,127228.94928087
1523201569.7395103,403.14,127241.77220075
1523201577.9213295,403.04,127321.00479476
1523201585.9815364,403.03,127320.52479476
1523201593.904373,403.03,127166.73232196
1523201625.7425404,402.84,127198.75547969
1523201633.8600783,402.83,127172.47172274
1523201641.9800217,402.5,127222.68468512
1523201658.2007172,402.26,127219.44505353
1523201666.0107427,402.25,127197.84505353
1523201673.8364644,402.25,127196.77847977
1523201697.9335592,402.25,127169.12687227
1523201714.356862,402.25,127188.5886262
1523201721.8444479,402.25,127200.13101069
1523201769.723025,402.37,127248.62640856
1523201777.9750578,402.4,127311.6074598
1523201785.8923893,402.59,127341.2182224
1523201793.9540913,402.61,127340.63801712
1523201809.7461047,402.61,127348.08394315
1523201826.3098452,402.61,127344.1136089
1523201850.1001835,402.61,127344.91144956
1523201873.97216,402.51,127282.60144561
1523201882.086861,402.51,127188.01979302
1523201897.8357985,402.3,126637.2537039
1523201906.0108109,402.31,126610.92218501
1523201921.8472767,402.31,126640.54326499
1523201938.262064,402.31,126426.40409827
1523201961.9295242,402.31,126205.61500196
1523201977.7375476,402.31,126163.3110865
1523202009.905961,402.31,125949.80610257
1523202034.2453334,402.28,125967.17846193
1523202049.8247051,402.28,125967.51175901
1523202066.3670928,402.32,125985.35505601
1523202073.6854806,402.47,125960.72156601
1523202082.042325,402.49,125966.35421441
1523202114.4049323,402.49,125957.175429
1523202137.8467255,402.49,125992.27991336
1523202145.8397405,402.49,125992.27991336
1523202153.7605264,402.5,126017.10470241
1523202162.7005699,402.5,126007.93227213
1523202210.5678692,402.5,126047.6337921
1523202217.8737216,402.51,126065.9337921
1523202241.9719105,402.72,126099.46635769
1523202249.917075,402.78,126099.46635769
1523202258.0224025,402.78,126099.46635769
1523202266.1963313,402.88,126123.30597141
1523202273.7060425,402.78,126150.82005281
1523202282.1355414,402.7,126151.24935431
1523202385.7908301,402.7,125536.63046026
1523202393.8421884,402.7,125500.34099071
1523202401.856952,402.71,125522.58325347
1523202426.4264364,402.71,125184.20762455
1523202433.7900174,402.71,125139.37618948
1523202473.8142972,402.71,124483.67777898
1523202481.7957795,402.71,124478.90733735
1523202489.7309854,402.83,124473.32814165
1523202498.2020779,402.87,124420.1021271
1523202506.3626091,402.87,124419.24969434
1523202513.8872178,402.87,124419.38277482
1523202673.8733275,402.87,124319.91601183
1523202699.3287566,402.87,124319.06874924
1523202705.8169746,402.87,124319.3168882
1523202713.7504318,402.87,124319.4577882
1523202737.79063,402.87,124295.07471306
1523202746.1456807,402.87,124274.40574432
1523202873.6656046,402.87,123977.02470534
1523202906.546619,402.87,123959.24480131
1523202930.254512,401.97,124307.11840568
1523202937.7611046,401.99,124324.65520974
1523202962.0138392,401.21,124393.39115407
1523202969.6407442,401.21,124382.33514207
1523202985.7631202,401.21,124379.02582215
1523203001.6865754,401.21,124434.34299782
1523203073.73769,401.21,124474.69744877
1523203097.827085,401.21,124441.2003883
1523203145.802728,401.21,121856.44693743
1523203169.9549103,401.21,121719.35348917
1523203209.8022919,401.1,121793.93490144
1523203217.868245,401.1,121861.61707126
1523203225.7566972,401.1,121922.39650967
1523203233.740412,401.24,121919.78443985
1523203273.7612734,401.24,121580.01023127
1523203290.0576978,401.24,121558.99094089
1523203361.672615,401.24,121433.29655444
1523203370.1198747,401.24,121219.26497183
1523203457.9051535,401.24,118978.38745687
1523203465.9384627,400.18,118467.55340632
1523203474.1519725,399.11,118511.9461754
1523203481.6956432,400.05,109586.02857015
1523203490.053575,399.28,108982.24449269
1523203498.2112424,399.09,108897.92574635
1523203505.8924258,399,108519.46887175
1523203513.6682265,399,108341.67959111
1523203521.8066792,398.87,108231.06845416
1523203529.8701994,398.87,108153.16452694
1523203537.9912467,398.87,107802.34691069
1523203545.9223998,398.37,107586.70356335
1523203554.2779992,398.23,107414.74667167
1523203561.8203917,398.13,107188.62091548
1523203570.3238778,398.13,106947.04037693
1523203577.764583,398.18,106910.74881626
1523203585.7306955,398.37,106818.30661948
1523203594.207131,398.46,106715.90626358
1523203609.8665416,398.46,106546.11412803
1523203617.7568743,398.46,106545.19412803
1523203633.8188705,398.46,106312.27947769
1523203642.1132379,398.46,106313.59947769
1523203657.676487,398.46,106391.52415842
1523203665.7202628,398.46,106434.27727518
1523203713.7180192,398.46,106358.3117956
1523203722.2149074,398.46,106481.71293269
1523203769.9660432,398.46,106339.56791682
1523203777.714567,398.76,106391.31513557
1523203785.8559566,399.14,106447.14277245
1523203793.7061405,399.13,106165.62575712
1523203801.771428,399.09,106151.65839347
1523203809.8421412,399.18,106133.04553336
1523203825.8051136,399.18,106112.50202051
1523203873.8540545,399.18,106017.26972455
1523203881.86227,399.18,105992.95773533
1523203898.1597948,399.18,105824.48404663
1523203978.0374053,398.9,105722.62824904
1523203986.3397694,398.94,105662.40380104
1523204089.800115,398.94,105189.88738707
1523204105.7187266,398.94,105020.89167015
1523204162.312485,398.94,104947.94785841
1523204177.8142335,398.94,104934.65031841
1523204265.7455094,398.88,104833.38245948
1523204281.8486936,398.62,104670.60166276
1523204321.7613966,398.21,104468.50746166
1523204329.6622367,398.11,104552.23448089
1523204369.7031887,398.1,104436.38813302
1523204393.7707767,398.01,103125.07757919
1523204401.8760667,398.01,103035.47461422
1523204410.0132475,398.01,103040.28463763
1523204425.9486048,398,103175.02996553
1523204473.7500546,397.53,103119.12291424
1523204481.6679008,397.53,103121.14492717
1523204561.6982358,397.53,102992.83209782
1523204569.790367,397.53,102982.14120596
1523204617.803024,397.53,102856.87642398
1523204625.722437,397.53,102856.81745881
1523204633.976411,397.53,102877.73745881
1523204674.1086893,397.68,102859.19641644
1523204737.8261085,397.68,102869.92540612
1523204745.7422585,397.67,102869.92540612
1523204801.6897056,397.61,102853.68594961
1523204809.8233254,397.61,102864.98855693
1523204825.6514628,397.61,102799.68466178
1523204833.7873127,397.61,102788.44899159
1523204850.3957438,398.06,102990.01127689
1523204857.770786,398.07,102992.22569318
1523204866.418776,398.09,102998.33377371
1523204905.7831304,398.09,102971.62619139
1523204914.0313232,398.09,102971.65413374
1523204929.7249255,398.09,102948.08851323
1523204946.0796957,398.09,102947.70572053
1523204985.623729,398.11,102988.57694317
1523204993.6228755,398.11,103004.0904367
1523205001.8432484,398.15,103006.46959436
1523205018.0899115,398.15,102996.24491634
1523205025.7184997,398.34,103014.78182358
1523205034.2451532,398.38,103011.46110019
1523205057.9164689,398.59,103026.6068304
1523205066.1420777,398.59,102928.23304166
1523205073.655073,398.51,102851.97727966
1523205081.8610418,398.51,102875.17727966
1523205097.785948,398.51,102568.7531301
1523205113.6018322,398.9,102256.98131805
1523205177.790848,398.9,102273.58946157
1523205185.9977922,398.9,102274.22606157
1523205457.9283671,398.51,102032.1942847
1523205474.0377803,398.51,101909.60246361
1523205786.130491,398.51,100826.7816989
1523205794.0260408,398.31,100818.9252773
1523205881.6527174,398.3,100605.8572296
1523205889.6557152,398.3,100600.66530571
1523205977.73123,398.2,100469.90713486
1523205993.753477,398.2,100466.78531503
1523206001.6228979,398.2,100443.4770924
1523206041.697316,398.2,99974.72688547
1523206049.9008245,398.2,99947.39446314
1523206129.940237,398.2,99666.72123024
1523206145.6998715,398.2,99506.77650271
1523206257.7589846,398,99713.8333865
1523206265.8898778,398,99664.97368407
1523206361.770109,397.99,99311.71507284
1523206409.742318,397.99,99283.81058719
1523206417.9327407,397.98,99286.20053292
1523206466.166438,397.86,98911.80209452
1523206473.6395104,397.86,98781.50709215
1523206537.9081109,397.86,98691.82128744
1523206561.6321864,397.86,98691.30969073
1523206609.9205186,397.86,98665.83472407
1523206625.6575394,397.86,98613.48584861
1523206641.700786,397.84,98667.64693616
1523206682.0509846,397.71,98715.21651234
1523206689.953881,397.71,98644.07386123
1523206697.7580645,397.71,98642.60873435
1523206761.7784274,397.71,98672.54065794
1523206769.6405685,397.71,98669.72065794
1523206793.8299124,397.6,98591.33521904
1523206809.9093192,397.55,98631.31137948
1523206817.7587786,397.55,98630.32473238
1523206825.6991768,397.55,98634.09774777
1523206833.8193574,397.55,98633.13774777
1523206881.7933643,397.47,98660.24926587
1523206921.9047098,397.46,98723.38714306
1523206929.835447,396.69,98773.19054554
1523206938.187886,396.71,98775.30561554
1523206945.7039704,396.71,98777.30561554
1523206978.5316834,396.61,98833.26210827
1523206985.7209349,396.6,98833.26210827
1523206994.6148908,396.6,98833.21334274
1523207017.7402847,396.6,98856.27635685
1523207025.7847939,396.6,98859.52445685
1523207034.1870787,396.55,98881.73318907
1523207161.8261096,396.52,98799.47092284
1523207178.1202452,396.51,98818.56514982
1523207194.1900692,396.36,98863.23084473
1523207209.7747157,396.32,98897.81107967
1523207217.822633,396.06,98931.91441462
1523207225.7830298,396,98948.23641417
1523207283.4344044,396,98932.38281112
1523207305.2216227,396,98933.45362252
1523207313.8621197,396,98938.57959253
1523207322.2024465,396,98942.33959253
1523207394.036259,396,98606.28467643
1523207401.9682522,396,98605.26427643
1523207554.5203102,396,97797.99485393
1523207561.776538,396.02,97921.23302317
1523207569.6886823,396.15,97924.7470183
1523207578.5171564,396.15,97993.90893451
1523207593.7062,396.15,97996.03267535
1523207601.9162295,396.15,97995.48470958
1523207610.278685,396.15,97991.19554228
1523207633.9253032,396.15,97970.58489945
1523207650.4336667,396.21,98082.90486953
1523207658.2451732,396.21,98089.29088558
1523207681.839328,396.21,98081.71451951
1523207705.851639,396.21,98080.70484588
1523207722.2472174,396.21,98081.62471197
1523207737.860837,396.21,98080.9948933
1523207873.8399916,396.32,97957.32231548
1523207882.16641,396.36,97966.43503782
1523207897.907584,396.36,98015.95554931
1523207905.8495717,396.69,98069.67661365
1523207913.818623,396.77,98057.47192039
1523207921.7672358,396.77,98055.86905789
1523207929.9346418,396.77,98056.69007789
1523207961.8972988,396.77,98054.99072029
1523207977.8885598,396.77,98054.14495729
1523207986.0239928,396.78,98047.85259921
1523207994.094665,396.8,98046.87671721
1523208009.7701108,396.8,98039.95653925
1523208026.0705554,396.8,98033.02398075
1523208033.7362006,396.8,98032.62911123
1523208041.843213,396.8,97894.30357391
1523208073.8344223,396.8,97844.31647832
1523208113.947252,397.22,97894.30022064
1523208122.171254,397.25,97893.55752549
1523208137.8780236,397.25,97872.96274852
1523208169.7245593,397.25,97875.49788467
1523208194.2389574,397.25,97886.76973116
1523208218.0070536,397.25,97894.98988036
1523208226.0687425,397.25,97895.21816923
1523208529.794911,397.25,97973.8318376
1523208537.7253697,397.01,97973.8318376
1523208649.7974784,397.01,97958.12654856
1523208657.8680718,397.01,97958.47254856
1523208713.9024024,397.26,98062.07128959
1523208721.9110513,397.28,98062.07128959
1523208729.867587,397.28,98062.19579734
1523208737.859429,397.57,98108.01277808
1523208745.8899236,397.71,98109.16421154
1523208841.893768,397.71,98346.01836637
1523208850.147995,397.88,98406.01794931
1523208857.8709607,398.02,98420.41544968
1523208865.9569252,398.02,98422.95344968
1523208881.9525099,398.02,98437.65110268
1523208905.7657223,398.02,98459.80714268
1523208913.8191562,398.02,98495.15710444
1523208921.9272664,398,98443.28930077
1523208929.9140303,398,98391.50445267
1523208985.9529173,397.79,98428.44565058
1523208993.7414348,397.71,98432.87487019
1523209033.7365084,397.71,98412.51227019
1523209065.87421,397.71,98368.55736783
1523209113.8913229,398.18,98370.58927328
1523209130.1279242,398.18,98371.48927328
1523209145.8601196,398.18,98345.27306249
1523209170.1570625,398.18,98345.64922673
1523209185.9952755,398.18,98348.87783139
1523209202.0936978,398.32,98510.77071115
1523209210.700716,398.58,98543.27855663
1523209217.7919967,398.58,98501.36875768
1523209242.4606278,398.58,98601.09122669
1523209297.8848338,398.58,98548.7738655
1523209313.8981357,398.58,98558.11312282
1523209322.000139,398.58,98555.33584278
1523209338.1260612,398.58,98447.88905714
1523209370.2587857,398.58,98437.59731113
1523209378.0335197,398.58,98437.09831113
1523209417.9395697,398.58,98449.65631293
1523209442.0697145,398.58,98882.26579379
1523209450.052892,397.22,98882.89663028
1523209458.2791772,397.22,98876.33421354
1523209490.1298203,397.22,98990.61295982
1523209498.1069896,396.31,99206.03145279
1523209505.873103,396.93,99238.53782372
1523209514.1586452,396.94,99211.28434384
1523209521.7319393,396.94,99281.92674384
1523209529.8565247,396.97,99306.34657274
1523209538.0294113,396.93,99295.64723043
1523209546.1380289,396.95,99299.80675049
1523209554.032363,397.07,99148.86348652
1523209561.8530128,396.84,99118.48348652
1523209570.2141385,396.84,99118.36348652
1523209578.3493757,396.84,99114.14524311
1523209585.7435892,396.81,99117.30240099
1523209666.1114154,396.81,98953.06045953
1523209697.8382962,396.62,98958.27162973
1523209705.8934453,396.61,98911.62535945
1523209722.4161167,396.61,98831.84955968
1523209730.2779152,396.65,98843.66555968
1523209738.0809696,396.65,98751.87512968
1523209745.9286118,396.65,98752.25742968
1523209753.8519354,396.7,98749.99951314
1523209770.1028438,396.7,98695.74252314
1523209777.8765109,396.71,98756.89046151
1523209785.8346996,396.79,98805.94946151
1523209794.2321515,396.81,98741.49322298
1523209801.7847226,396.81,98740.65792298
1523209809.9328961,396.81,98754.68362436
1523209889.8600202,396.81,98734.87244388
1523209905.853313,396.81,98752.05656865
1523209921.7742355,396.25,98860.21677628
1523209929.7426887,395.46,99134.58896612
1523209937.9716728,395.37,99470.02774504
1523209945.721947,394.95,99795.51590838
1523209953.8945558,395.22,99829.29940211
1523209961.79591,395.29,99830.21082902
1523209970.093108,395.34,99830.61082902
1523209978.0185676,395.34,99810.61082902
1523209985.9719436,395.34,99827.73825902
1523209994.0951123,395.34,99818.73759662
1523210001.9879131,395.34,99856.19759662
1523210009.9415066,395,99933.20573222
1523210049.8314514,395,100023.06711667
1523210057.7116084,395.19,100026.34381717
1523210065.6606708,395.15,100026.39431717
1523210073.884611,395.24,100026.45288428
1523210121.68934,395.24,100051.12565708
1523210130.1396425,395.57,100043.9940738
1523210154.124089,395.57,100044.0183738
1523210178.1448228,395.57,99996.55036326
1523210210.318055,395.57,99995.4667466
1523210233.7157695,395.57,99988.23664807
1523210297.7772076,395.57,99985.11482918
1523210345.7181656,395.89,99997.69850534
1523210354.2997396,396.55,100071.71902446
1523210361.739267,396.55,100072.51902446
1523210370.0593812,396.8,100068.78072346
1523210401.9991744,396.8,100057.02515818
1523210418.5656767,396.8,100053.34323725
1523210441.7132537,396.8,100043.99243495
1523210545.7805853,396.8,100010.16163181
1523210553.7210815,396.8,100010.48411181
1523210569.834464,396.8,100011.94411181
1523210593.8441951,396.8,100007.77749781
1523210626.0798285,396.97,100010.61574819
1523210666.1514714,396.97,99858.03047578
1523210785.8948228,396.97,99844.05209535
1523210857.9649355,396.97,99714.57372585
1523210873.9580793,396.12,99862.9084512
1523210881.7045631,396.12,99867.1380512
1523210890.1966603,396.06,99888.50423204
1523210906.3022757,396.06,99906.87260992
1523210914.243458,396.07,99915.27760826
1523210921.7852035,396.07,99918.03598081
1523210930.5715873,396.07,99924.25708019
1523210953.7432318,395.98,99925.30233323
1523210961.7510056,395.98,99924.90233323
1523210978.4014034,395.98,99933.88093308
1523210993.747628,395.89,100002.25284387
1523211001.7576625,395.9,100000.82374467
1523211033.8516455,395.84,99997.5840427
1523211042.168423,395.84,99977.71091137
1523211050.0374987,395.84,99980.46477877
1523211066.1037765,395.84,99981.22338892
1523211074.1830153,395.84,99982.30338892
1523211081.9547834,395.84,100023.37802623
1523211089.9194121,395.79,99991.00039423
1523211098.1682715,395.79,99993.00039423
1523211121.8951843,395.72,100073.57798711
1523211129.7908485,395.59,100063.74268754
1523211145.9362195,395.59,100047.20348754
1523211153.9075782,395.54,100088.92026568
1523211210.355102,395.45,100146.01428287
1523211225.9754212,395.45,100107.69183094
1523211257.8783562,395.39,100117.81272804
1523211265.8628569,395.28,100115.29577654
1523211273.8602824,395.29,100116.06458634
1523211313.7592876,395.28,100100.60155092
1523211321.7765098,395.27,100098.79174492
1523211330.2294664,395.27,100096.59174492
1523211346.2564423,395.27,100097.76696856
1523211369.8050313,395.31,100108.67609173
1523211377.9076202,395.34,99996.24724173
1523211385.9933069,395.34,100017.90936277
1523211394.2091286,395.38,100133.83109519
1523211401.7491543,395.38,100133.83109519
1523211409.8942378,395.38,100135.32410519
1523211418.3094447,395.38,100291.84160452
1523211426.037205,395.32,100291.44160452
1523211442.7891529,395.32,100289.0521089
1523211449.753305,395.32,100332.30647701
1523211457.9303806,395.51,100357.40913612
1523211465.7228227,395.59,100358.08069691
1523211473.7360945,395.53,100398.63044013
1523211521.741882,395.43,100504.36936716
1523211569.8138351,395.33,100512.84505547
1523211578.2067077,395.28,100511.84565547
1523211593.876561,395.28,100507.50950814
1523211642.2173712,395.51,100272.76430762
1523211649.9828143,395.51,100273.36430762
1523211746.2289703,395.51,100283.79875905
1523211778.3152885,395.9,100287.64667775
1523211786.0726006,396.05,100296.21634383
1523211794.1157486,396.37,100370.47491483
1523211801.8227444,396.87,100438.68632902
1523211809.9447439,397.09,100489.08632902
1523211817.8104718,397.18,100465.62928371
1523211826.4432287,396.99,100674.84058651
1523211833.7771263,397.56,100790.11558651
1523211841.900989,397.53,100796.17799539
1523211849.7130277,397.56,100924.01263264
1523211857.9614048,397.89,100924.40354264
1523211881.8844187,397.89,100930.80177735
1523211890.219264,397.97,100985.42751902
1523211898.4615705,398.01,100976.12579069
1523211906.0758667,398.01,100971.73171264
1523211929.7886622,398.01,100977.49488107
1523211938.0232317,397.73,101001.06735235
1523211945.7660885,397.63,101001.06735235
1523211953.8995852,397.63,101006.80565306
1523211961.9223714,397.52,101006.80565306
1523211969.732919,397.59,101006.80565306
1523211978.569509,397.62,100980.42027786
1523211986.310457,397.56,100979.13822786
1523211993.8054414,397.56,100953.23362786
1523212033.9683337,397.56,100998.88617023
1523212042.1993027,396.92,100998.09454023
1523212050.4016707,396.92,100995.00114023
1523212121.740101,396.92,100897.84299864
1523212129.8275273,397.81,100928.82383427
1523212138.255195,397.83,100931.80883427
1523212145.951043,397.83,100954.32402133
1523212153.8217094,397.83,100955.34444399
1523212177.838905,397.83,100953.97933447
1523212201.8029141,397.83,100956.98143447
1523212249.8864067,397.28,101066.12915909
1523212258.1651309,397.28,101073.29421303
1523212345.9765513,397.28,100837.79778173
1523212354.5295527,397.7,100678.45453595
1523212361.8356388,397.71,100636.08047595
1523212369.9027655,397.71,100423.00128301
1523212377.9445505,397.83,100461.80248653
1523212433.7548747,397.99,100464.74903242
1523212442.012431,398.1,100463.54897293
1523212449.840327,398.16,100458.02395335
1523212474.159813,398.16,100459.14007043
1523212482.1727614,398.33,100447.82490799
1523212490.2153225,398.36,100488.31296864
1523212498.203044,398.36,100494.05602864
1523212505.7745955,398.36,100485.67508679
1523212514.2929583,398.36,100485.56078645
1523212537.9852927,398.36,100395.12524834
1523212578.278409,398.53,100452.42493721
1523212585.9096909,398.58,100459.3595657
1523212642.155528,398.58,100401.47676533
1523212698.32813,398.58,100396.53802341
1523212713.733696,398.58,100396.88990311
1523212721.8434622,398.58,100393.14078311
1523212730.005797,398.37,100431.43770211
1523212738.110575,398.1,100432.13932311
1523212762.2451198,397.79,100455.08912311
1523212769.975788,397.44,100469.54441819
1523212777.8266082,397.48,100471.53563165
1523212786.3365073,397.48,100473.09422165
1523212802.3731236,397.48,100478.40849826
1523212809.855428,397.44,100473.43195826
1523212817.9993472,397.46,100470.43195826
1523212825.9650912,397.51,100467.96359826
1523212833.8529742,397.53,100468.96042449
1523212841.81123,397.54,100468.60938349
1523212850.3678396,397.54,100474.54002143
1523212858.0746863,397.55,100462.64334947
1523212905.7788832,397.81,100457.65877938
1523212913.8454201,398.08,100562.35222552
1523212922.1727953,398.25,100562.35222552
1523212929.927024,398.15,100562.35222552
1523212938.0334475,398.15,100563.13222552
1523213001.7943857,398.15,100571.11465045
1523213025.8325443,398.15,100574.3255235
1523213129.7348468,398.36,99860.59011519
1523213137.701044,398.47,99865.79011519
1523213145.702482,398.47,99862.81866556
1523213153.9053664,398.48,99789.32843124
1523213177.9956977,398.48,99783.33716016
1523213234.1368334,398.48,99767.95063279
1523213241.6857,398.48,99768.06618633
1523213265.685174,398.5,99772.81435204
1523213273.807452,398.58,99875.08265097
1523213305.7696655,398.58,99878.08863145
1523213314.2164779,398.58,99877.89218151
1523213441.6561031,398.58,99872.43445412
1523213498.3222303,398.21,99959.53341568
1523213505.8903446,397.96,99980.70922999
1523213513.7121656,397.96,99981.41262419
1523213521.9770582,397.96,100005.57299303
1523213529.8580344,397.61,100005.57299303
1523213545.7938526,397.61,100006.22379052
1523213593.7046425,397.94,100034.39077721
1523213601.7996123,398.31,100034.39077721
1523213609.8776233,398.21,100034.39077721
1523213618.0677428,398.28,100034.39077721
1523213625.7235515,398.28,100025.96860532
1523213633.9085343,398.4,99847.58611102
1523213650.2711818,398.4,99727.45523402
1523213665.8516364,398.46,99773.20623402
1523213674.6372232,398.46,99770.20623402
1523213682.733555,398.46,99770.12724212
1523213705.865449,398.53,99796.02724212
1523213729.7218196,398.53,99807.11958724
1523213754.1131847,398.58,99932.14098418
1523213777.8717732,398.58,99932.14098418
1523213793.7922804,398.29,100075.42898272
1523213802.2863684,398.02,100075.17508272
1523213809.8808842,398,100110.00921636
1523213817.6891768,397.92,100195.07790382
1523213825.824242,397.69,100197.3655439
1523213833.7639947,397.69,100199.46040839
1523213841.850476,397.71,100240.42370487
1523213850.0745742,397.71,100240.89570487
1523213857.8901255,397.71,100243.83850852
1523213865.9091127,398.13,100268.23791259
1523213873.965172,398.02,100291.94864204
1523213913.8946187,398.2,100321.08111302
1523213938.1868446,398.4,100350.59423828
1523213945.916845,398.4,100350.88852749
1523213993.9698207,398.4,100273.00828383
1523214002.1446414,398.58,100300.44828383
1523214009.7196198,398.58,100294.68846354
1523214034.2303045,398.58,100343.07072725
1523214057.7237713,398.58,100375.36886372
1523214065.7161875,398.5,100426.43669635
1523214073.7678764,398.11,100426.43669635
1523214082.2463849,398.11,100426.43669635
1523214089.8625364,398.16,100465.11551435
1523214098.2185059,398.18,100464.11551435
1523214113.9863532,398.41,100452.1826874
1523214121.752233,398.49,100451.7744874
1523214145.857649,398.54,100491.50787715
1523214177.8084483,398.54,100527.69418576
1523214186.0135062,398.54,100537.69418576
1523214362.000447,398.54,100330.97853377
1523214369.9991364,398.54,100333.37761877
1523214377.8836365,398.54,100337.613883
1523214402.2004304,398.54,100321.29741557
1523214426.1990504,398.54,100332.35218749
1523214434.162148,398.54,100333.30054665
1523214449.7802904,398.58,100405.09749634
1523214481.8687024,398.58,100415.56356619
1523214569.7710886,398.58,100276.63018349
1523214585.9772503,398.58,100277.63018349
1523214706.1692464,398.58,99814.93382364
1523214745.8501894,398.58,99655.88830279
1523214753.9056013,398.58,99710.90979721
1523214761.8442986,398.63,99713.51239163
1523214802.260436,398.63,99690.11794278
1523214873.7968853,398.63,98453.22528025
1523214913.8230863,398.63,98440.93561844
1523214921.8563359,398.63,98428.67822021
1523214929.869491,398.66,98403.20202021
1523214945.8637087,398.66,98402.14067337
1523214961.9632,398.66,98401.9563475
1523215049.8061283,398.66,98450.41373597
1523215074.107034,398.66,98458.64029396
1523215089.7533195,398.66,98533.67737461
1523215098.0093558,398.71,98512.26821271
1523215105.9561722,398.74,98525.06138236
1523215113.8686175,398.75,98523.97205892
1523215185.8757918,398.75,98547.07386172
1523215194.001537,398.76,98552.40577412
1523215257.9485705,398.65,98532.90672635
1523215265.9137402,398.67,98537.97626587
1523215273.8504806,398.67,98538.97626587
1523215337.8153021,398.67,98532.84662277
1523215385.930656,398.67,98555.12662277
1523215394.1250014,398.67,98579.60607853
1523215401.82887,398.07,98634.94773409
1523215409.9309177,398.1,98642.94581597
1523215417.9608946,398.24,98574.42443052
1523215425.709379,398.28,98574.49110546
1523215434.061424,398.28,98550.66236988
1523215449.7282763,398.28,98484.84257019
1523215466.4272723,398.28,98474.63801025
1523215473.8033798,398.28,98474.31956802
1523215505.7704525,398.28,98476.72196802
1523215514.3606129,398.28,98476.72196802
1523215530.209953,398.28,98498.54417802
1523215537.7364182,398.28,98499.05931802
1523215641.7929149,398.28,98487.60062292
1523215649.7447436,398.28,98487.15835136
1523215697.7009072,398.89,98507.58724483
1523215705.7142625,398.92,98510.48724483
1523215745.857103,398.63,98530.70724483
1523215753.6765604,398.7,98530.70724483
1523215793.8546696,398.7,98527.36318668
1523215825.789376,398.7,98485.72605775
1523215841.7957902,398.7,98463.94228435
1523215945.7757926,398.7,98462.36647715
1523215954.0717874,398.7,98464.36647715
1523216194.4865432,398.89,98447.65162007
1523216201.875407,398.99,98473.34742007
1523216378.13094,399,98493.55839631
1523216385.8149786,399.05,98494.41919843
1523216393.8240318,399.05,98494.64808543
1523216521.7349942,399.05,98466.99955076
1523216626.3060253,399.05,98390.58320723
1523216681.8041987,399.05,98395.96490833
1523216705.736955,399.05,98397.86619256
1523216746.3708398,399.05,98327.78575091
1523216817.8977044,398.66,98284.59055726
1523216826.2040563,398.78,98284.59055726
1523216833.8612664,398.78,98284.90737116
1523216929.8933103,398.65,98315.7777005
1523216937.921306,398.65,98389.9505491
1523216945.8175316,398.33,98397.50771341
1523216961.889261,398.33,98448.63246425
1523216994.1458268,398.33,98454.28668294
1523217001.728812,398.33,98453.68668294
1523217009.8483856,398.25,98493.0038946
1523217018.0613284,398.21,98492.8250546
1523217025.869326,398.21,98507.66007533
1523217033.7363098,398.07,98559.72565788
1523217041.8726742,397.56,98644.25343422
1523217153.8508804,397.56,98731.06847309
1523217169.8430345,397.56,98734.40847309
1523217185.9714448,397.56,98739.00028671
1523217193.7510855,397.42,98751.32483948
1523217201.8005853,397.4,98749.994166
1523217265.8423073,397.4,98621.04831333
1523217273.7688274,397.4,98599.62813702
1523217282.4232092,397.4,98606.37474355
1523217305.8345068,397.8,98641.91338437
1523217313.944528,398.43,98642.07338437
1523217321.8565857,398.64,98674.91255524
1523217330.0077868,398.73,98674.14132719
1523217337.8566897,398.79,98641.61844369
1523217345.9761705,398.79,98639.047035
1523217361.8805842,398.79,98655.9914914
1523217490.3125894,398.79,98599.50201361
1523217561.799196,398.79,98415.05858742
1523217577.8002052,398.79,98437.66248742
1523217585.8582993,399.15,98450.90100065
1523217593.9130065,399.16,98432.66864315
1523217609.9785297,399.16,98436.99446914
1523217658.2969038,399.16,97941.34986904
1523217665.7548575,399.19,98013.9159736
1523217673.7800107,399.19,98016.44377348
1523217754.410526,399.17,98053.76009145
1523217793.8431036,399.17,98073.56757311
1523217817.6997147,399.17,98083.2479957
1523217825.8661752,399.17,98084.1885957
1523217833.7974417,398.8,98096.96074145
1523217841.7926292,398.81,98097.76034145
1523217866.4167998,398.81,98047.50561177
1523217905.744886,398.81,98048.26809929
1523217945.864973,398.81,98048.20315296
1523218010.0091512,398.81,98050.66647315
1523218017.75635,398.51,98066.8106121
1523218025.848379,398.4,98077.40333243
1523218042.2596354,398.09,98018.68704273
1523218049.7096767,398.09,97995.41644273
1523218057.8816893,398.07,97999.88392634
1523218065.6517637,398.07,98000.22549034
1523218081.9681294,398.07,98000.79294552
1523218106.3602989,398.07,98026.39294552
1523218113.814595,397.96,98062.4713165
1523218121.7977695,398.11,98118.11866655
1523218129.7242239,398.5,98131.23876247
1523218137.8892958,398.79,98130.98169247
1523218153.8435073,398.79,98129.86948047
1523218186.1006293,398.79,98136.12585697
1523218209.8088367,398.79,98150.65937192
1523218273.8145742,398.79,98082.49275127
1523218314.0870779,398.79,97981.2986563
1523218321.8902977,398.79,97998.4353533
1523218329.897568,398.79,97999.4947743
1523218353.8018444,398.79,97997.1343095
1523218394.1572843,398.79,97906.80246068
1523218450.1267633,398.79,97862.54014916
1523218481.8602986,398.76,97806.04679851
1523218489.8850782,398.75,97806.04679851
1523218506.0259054,398.75,97808.55594154
1523218514.2552588,398.75,97799.48798983
1523218521.8644373,398.45,97834.31601321
1523218530.1237993,398.51,97833.31601321
1523218561.8360863,398.51,97833.35201321
1523218594.5600023,398.51,97863.76791848
1523218610.5684457,398.37,97863.81135189
1523218649.9150953,398.37,97862.74248535
1523218737.8582578,398.37,97809.15444357
1523218914.5381591,398.37,97609.91008841
1523218945.8248796,398.37,97564.87218503
1523218977.7998798,398.37,97514.43079787
1523219090.3464267,398.37,97320.11725848
1523219113.7545524,398.37,97302.31069321
1523219146.2793012,398.37,97290.91257221
1523219225.991726,398.37,97252.14317458
1523219329.6898408,398.37,97253.78123609
1523219361.6936808,398.37,97180.49222963
1523219377.7658083,398.37,97175.72738063
1523219394.166475,398.03,97330.09496604
1523219402.266004,398.07,97331.03500608
1523219442.2421045,398.07,97253.30898827
1523219458.0478659,398.07,97258.12225827
1523219514.2941349,398.07,97233.5633138
1523219545.7897236,398.07,97149.96974155
1523219553.8815982,398.07,97154.96974155
1523219594.0770617,398.07,97174.89733905
1523219633.9127345,398.07,97066.24495355
1523219641.8462389,398.07,97062.42876932
1523219657.7806942,398.07,97066.65557049
1523219681.8550866,398.07,97058.13222246
1523219746.2917368,398.07,97054.76071884
1523219753.9217248,398.07,97055.38869588
1523219810.3169112,398.21,97058.95845941
1523219818.079268,398.35,97056.34782685
1523219946.2336833,398.35,97008.11367757
1523219954.548942,398.35,97007.49803811
1523220050.187078,398.35,96995.77044345
1523220106.1559052,398.35,97003.32797035
1523220177.8609922,399.43,97341.33936745
1523220185.9902003,399.48,97412.76186645
1523220193.890882,399.56,97412.2043907
1523220201.764944,399.56,97306.7477907
1523220210.481016,398.91,97401.70030671
1523220217.9905214,398.91,97501.20030671
1523220225.7624893,398.91,97601.18030671
1523220234.0570333,398.27,97703.46587156
1523220241.8514528,397.99,97784.36932749
1523220266.1291819,398.18,97802.49735756
1523220274.320449,398.18,97768.6210603
1523220282.340725,396.99,98066.20201833
1523220289.9799433,397.06,98144.46458715
1523220297.8957999,397.06,98156.49600826
1523220306.1002312,396.97,98193.26258468
1523220313.8360074,396.65,98606.83074099
1523220321.7476041,395.97,98742.83680905
1523220330.3580942,396.35,98842.6681038
1523220337.9359314,396.37,98843.82027004
1523220345.9154425,396.37,98840.58490217
1523220353.7940538,396.37,98840.96490217
1523220394.0184855,396.37,98858.69303809
1523220410.1497931,396.37,98858.91173873
1523220417.815369,396.37,98860.53659154
1523220425.9532764,396.37,98860.40660054
1523220578.0416267,396.79,98894.96910194
1523220585.9159908,396.96,98895.84910129
1523220593.9102986,397.08,98872.53736826
1523220601.9191492,397.08,98875.37637343
1523220610.270632,397.08,98876.02886919
1523220617.8592587,397.08,98880.29079815
1523220666.4616566,397.08,98858.26720444
1523220721.8481863,397.08,98854.88391048
1523220730.313182,397.08,98859.39975941
1523220746.1045544,397.08,98752.53676407
1523220753.9014726,397.08,98742.77042425
1523220762.2302446,397.08,98742.02198118
1523220770.0031974,397.08,98742.10862583
1523220841.8279426,397.08,98566.67772294
1523220857.9431434,397.08,98583.48151385
1523220873.8192744,397.08,98695.4532469
1523220881.9063394,397.08,98696.9279984
1523220906.0497162,397.08,98700.77931232
1523220913.7585628,397.48,98761.2764382
1523220921.9334004,397.49,98812.17818315
1523220930.141687,397.49,99315.32343043
1523220937.8384802,396.55,99339.50084986
1523220994.0654473,397.51,99441.01605749
1523221001.783488,397.81,99457.04301083
1523221009.90087,397.88,99438.34301083
1523221017.8324556,397.88,99816.000206
1523221025.93142,396.96,99815.54686288
1523221041.978473,397.29,99732.3464223
1523221049.9686582,397.44,99781.31054247
1523221057.9549131,397.52,99785.60492307
1523221066.4751647,397.48,99788.22280593
1523221082.0535378,397.89,99823.81430665
1523221090.2292244,397.89,99825.93872508
1523221098.3510737,397.9,99841.58031982
1523221105.858083,397.97,100244.45868637
1523221114.2678313,396.9,100504.45983902
1523221121.789016,396.9,100504.45983902
1523221129.950992,396.91,100525.44436458
1523221153.8218026,396.71,100554.44649594
1523221162.393015,396.33,100684.27154994
1523221169.8423321,396.34,100713.31718746
1523221178.028866,396.96,100833.94225811
1523221186.2315915,397.16,100910.28734055
1523221193.9844854,397.19,100983.38978548
1523221201.8815835,397.34,102142.43216876
1523221209.8607922,396.4,102138.67383549
1523221217.868145,396.39,102157.78205831
1523221225.9514108,396.39,102158.91825831
1523221233.980693,396.39,102160.9853399
1523221249.8974164,396.39,102149.72352469
1523221274.1666949,396.46,102207.36691084
1523221281.921159,396.65,102201.43827667
1523221289.956763,396.78,102201.03182667
1523221298.1063993,396.82,102204.60035072
1523221306.0917432,396.82,102283.73437713
1523221313.9720764,396.87,102367.74373391
1523221321.8346791,396.92,102369.23547783
1523221337.8560221,396.43,102497.15213896
1523221345.9309282,395.99,102672.57486567
1523221362.359904,396.12,102752.16986537
1523221370.1929848,396.23,102752.16986537
1523221377.7133873,396.25,102772.29852434
1523221385.970731,396.25,102806.19606091
1523221393.8777559,396.34,102876.94736739
1523221401.8923936,396.69,102883.1171102
1523221410.102435,396.9,102989.54564786
1523221417.9540749,396.85,102989.54564786
1523221426.263104,396.85,102990.82645986
1523221449.7661037,397.04,103073.05527419
1523221457.8951747,397.14,103052.55527419
1523221465.8355837,397.25,103052.55527419
1523221473.6729693,397.31,103052.62972707
1523221481.788396,397.37,103064.99272627
1523221489.9169965,397.37,103181.94721828
1523221497.6865675,397.44,103184.83590266
1523221505.8879082,397.46,103161.84949792
1523221513.7162805,397.48,103162.10940301
1523221521.8677297,397.44,103163.03448241
1523221530.0467486,397.61,103166.03257089
1523221537.8248646,397.65,103278.11809052
1523221546.078625,397.69,103279.61279431
1523221553.790819,397.69,103281.11809052
1523221561.9002786,397.69,103292.96208008
1523221641.7048864,397.73,103308.33809052
1523221650.2448497,397.8,103308.33809052
1523221657.8942897,397.81,103315.43809052
1523221666.7091794,397.89,103315.83809052
1523221674.0159,397.89,103316.31235644
1523221721.812198,397.17,103494.87684641
1523221729.924663,397.1,103565.47235809
1523221738.2829006,396.94,103569.93642951
1523221746.1559808,396.94,103571.86501951
1523221769.8244603,397.11,103613.49226636
1523221777.8547113,397.28,103613.92339736
1523221785.8642385,396.98,103625.08140436
1523221817.745757,396.84,103593.06792172
1523221825.8291485,396.89,103593.06792172
1523221833.836112,396.86,103600.74729994
1523221841.8432498,396.94,103603.10094046
1523221849.8817403,397.03,103603.16391592
1523221866.22496,397.18,103628.86774971
1523221873.7116244,397.2,103658.76674971
1523221882.0593653,397.49,103694.92071405
1523221890.0009449,397.96,103772.57242655
1523221898.1419094,397.49,103861.14321754
1523221906.1322486,397.57,103866.09943708
1523221914.1202302,397.59,103866.98991014
1523221922.2454674,396.9,103924.77612219
1523221930.5862734,396.92,103915.42453793
1523221970.2218764,396.45,104043.41819981
1523221978.3761082,396.76,104098.57938744
1523221985.9152555,397.15,104102.8853789
1523221993.9366403,397.25,104103.88571542
1523222001.8994744,397.27,104099.79143034
1523222010.0749636,397.43,104099.79143034
1523222017.9057362,397.47,104099.79143034
1523222026.1159158,397.46,104101.56202628
1523222033.8363962,397.82,104121.77957747
1523222041.8640206,397.84,104123.79399364
1523222050.1217365,397.89,104123.81417664
1523222058.3223035,397.89,104123.81417664
1523222065.7417014,397.23,104219.79041008
1523222073.9912572,396.93,104258.29770789
1523222081.7199075,396.99,104226.18407617
1523222097.8383598,396.99,104305.73039756
1523222113.7718878,397.19,104387.34545076
1523222122.2774708,397.19,104389.64190481
1523222129.8003,396.78,104413.81283615
1523222137.9270298,396.84,104413.81283615
1523222145.808178,396.9,104483.97605812
1523222154.0242045,396.96,104351.8877766
1523222161.8073003,396.99,104310.88543589
1523222185.7911322,396.99,104312.4592753
1523222194.2624972,396.99,104312.57948854
1523222201.696297,396.99,104313.57948854
1523222209.9293199,396.99,104313.31975446
1523222225.9425628,396.99,104323.49662592
1523222233.9417362,396.99,104326.88294306
1523222250.0242124,396.99,104448.64988306
1523222258.1410313,396.99,104463.29471906
1523222281.8253915,397.03,104573.0653991
1523222290.1127756,397.03,104574.65694529
1523222297.798419,397.03,104603.77923956
1523222306.7480996,396.97,104620.34523175
1523222377.8766112,396.92,104734.54425549
1523222385.857642,396.91,104734.54425549
1523222393.839266,396.92,104735.52183592
1523222409.8926306,396.92,104750.56076448
1523222417.8678105,397.01,104754.56076448
1523222450.1342373,397.01,104776.60005108
1523222457.9937885,397.19,104807.66333717
1523222465.89828,397.2,104823.8915133
1523222481.9107828,397.26,104844.83289702
1523222489.7592168,397.45,104848.73289702
1523222498.0251386,397.5,104849.02489702
1523222506.0169513,397.47,104849.02489702
1523222530.168696,397.47,104832.23124962
1523222601.9559937,397.52,104874.01164112
1523222609.7235277,397.53,104874.80982379
1523222617.919386,397.53,104874.08194879
1523222625.9766588,396.88,105302.07409243
1523222633.8917818,396.92,105320.67730602
1523222658.1491656,396.92,105323.75966837
1523222673.8097706,396.96,105338.09040273
1523222682.2936697,397.29,105391.48777422
1523222689.9439464,397.46,105415.70275488
1523222698.2970524,397.55,105415.7656448
1523222705.9406605,397.57,105435.72523094
1523222713.8499632,397.61,105450.0210076
1523222721.7837818,396.99,105556.77689528
1523222737.825276,396.86,105851.34580981
1523222745.8609242,396.81,105841.82066717
1523222753.8721018,396.84,105843.53502288
1523222761.857009,397,105896.9550801
1523222769.9712853,397.14,105899.32303363
1523222777.7101216,396.98,105988.8190344
1523222785.9629452,396.97,105967.21852328
1523222794.5097926,396.98,105995.55951369
1523222802.2955747,396.99,105995.55951369
1523222865.8081822,396.99,106400.24098576
1523222873.902287,397.19,106420.47811091
1523222882.4189067,396.94,106662.9023187
1523222890.629111,397.01,106787.17389587
1523222897.7866302,396.88,106843.97696009
1523222906.0338442,396.98,106843.97696009
1523222913.7299056,396.98,106905.61421459
1523222929.7929447,396.98,106906.01421459
1523222970.4881825,397.16,106950.13874415
1523222977.9998388,397.19,106951.37874401
1523222986.1077213,397.11,106952.24944415
1523222994.0053031,397.06,106952.24944415
1523223001.7442145,397.07,106952.24944415
1523223009.9309087,397.06,106955.66470068
1523223025.9118922,397.06,106961.17551254
1523223033.8728778,397.06,106967.29368283
1523223041.8178437,397.06,106968.09368283
1523223122.2287917,397.06,106992.65225023
1523223130.0908291,397.88,107035.21347245
1523223137.799177,397.92,107063.00035494
1523223145.887301,397.97,107099.92448482
1523223233.8089378,397.75,107325.82474996
1523223241.8033028,396.96,107475.09113124
1523223250.2248337,396.96,107487.20395417
1523223257.7925935,397.16,107490.34473074
1523223266.442226,397.11,107573.67166768
1523223273.9748645,397.26,107467.09989767
1523223282.0738964,396.94,107534.21420571
1523223290.069059,396.94,107722.36588343
1523223298.2300751,396.92,107746.08404743
1523223305.8782709,396.92,107746.12003204
1523223329.9597375,396.92,107750.52614911
1523223401.9285443,397.55,107787.93495308
1523223409.9873798,397.56,107868.77998517
1523223417.976838,397.24,107900.97932757
1523223426.0424125,396.98,107902.7938535
1523223433.9286904,396.99,107953.39880988
1523223450.1881044,396.99,107953.25888922
1523223474.1704354,397.39,107954.52090429
1523223482.0601957,397.46,107954.52090429
1523223489.876264,397.47,107953.52090429
1523223497.8595755,397.54,107932.57870429
1523223521.9929464,397.54,107932.67323207
1523223538.0108867,397.56,107957.52870429
1523223553.9458804,397.56,108012.06763036
1523223569.8332665,397.55,108062.73617697
1523223610.0021188,397.55,108061.98200682
1523223634.5234895,396.99,108153.87447748
1523223698.231649,396.99,108252.06497773
1523223706.3389688,397.42,108256.50747773
1523223722.48206,397.42,108254.22822873
1523223730.4468389,397.42,108255.59564193
1523223842.1473725,397.51,108270.84549827
1523223850.240751,397.52,108283.75517365
1523223858.003286,397.53,108283.75517365
1523223865.6896222,397.53,108270.27849514
1523223873.7503762,397.53,108271.59849514
1523223881.765327,397.54,108286.59849514
1523223937.9091806,397.54,108243.11577244
1523223953.9559526,397.73,108312.59897671
1523223961.706518,397.82,108348.55897671
1523223978.3574467,397.97,108579.94777687
1523223985.6754787,397.97,108600.51855002
1523223993.8173785,397.97,108593.86388905
1523224018.1051562,397.97,108596.67095277
1523224033.9185708,397.97,108676.70521225
1523224041.6565368,397.98,108677.25010625
1523224049.746002,396.17,109309.29393744
1523224057.7619305,397.18,109363.11276845
1523224066.002145,397.19,109371.13847245
1523224073.8414612,397.19,109372.09487245
1523224081.7643235,397.19,109390.13809245
1523224090.1033075,397.19,109390.58118245
1523224105.8597918,397.17,109592.65968113
1523224114.1591866,397.19,109691.60834433
1523224121.7298028,397.11,109765.86669697
1523224129.8008642,396.99,109807.72648814
1523224145.7440455,397.86,109856.39214457
1523224153.812687,397.2,110304.06805575
1523224161.739167,397.25,110324.59805575
1523224170.228838,397.29,110324.59805575
1523224177.74102,397.31,110324.59805575
1523224185.7627435,397.28,110365.26924144
1523224193.8225317,397.38,110374.67180988
1523224201.9982572,397.42,110464.1212509
1523224210.2721815,397.34,110505.96169869
1523224217.9693015,397.48,110506.69098646
1523224225.7775066,397.54,110520.34487895
1523224233.9994829,397.54,110524.64831535
1523224241.8810968,397.54,110525.37727291
1523224250.1628053,397.54,110529.71815041
1523224266.2071812,397.56,110531.81669768
1523224273.9550953,397.67,110583.68115425
1523224281.9556112,397.82,110584.38349755
1523224289.7862623,397.84,110585.96187987
1523224305.869346,397.86,110605.25411989
1523224313.8126075,397.94,110623.06241631
1523224322.2244205,397.4,110772.19243639
1523224330.3534625,397.7,110758.72090598
1523224337.946453,397.68,110749.88917187
1523224345.7135274,397.71,110645.70463833
1523224354.3003738,397.87,110719.13231122
1523224361.7532368,397.71,110712.71820008
1523224369.85631,397.7,110737.97771784
1523224377.9209416,397.94,110746.48714249
1523224386.2683353,396.98,110961.02612063
1523224393.8003361,396.96,111043.45635201
1523224401.8369215,397.11,111348.48736761
1523224409.9773526,397.31,111348.80120761
1523224418.0244296,397.3,111349.19550761
1523224425.977321,397.23,111349.19550761
1523224434.3572562,397.35,111348.84320761
1523224441.7461202,397.34,111359.72690999
1523224449.803239,397.33,111391.62690999
1523224457.9056845,397.31,111392.77690999
1523224465.7480624,397.41,111392.77690999
1523224474.131622,397.5,111393.15288216
1523224482.117597,397.53,111393.42702902
1523224489.8518255,397.57,111396.78083902
1523224529.876528,397.57,111365.88618864
1523224538.030775,397.57,111355.82225737
1523224553.9761868,397.63,111371.08760263
1523224561.843544,397.85,111466.29915525
1523224610.4490893,397.85,111434.5959096
1523224642.2376761,397.85,111490.83378084
1523224649.8729734,397.97,111497.03244979
1523224657.852973,396.74,112195.42981628
1523224665.8169098,396.82,112281.3503433
1523224673.870291,397.16,112291.58529635
1523224690.0003145,396.98,112319.93761749
1523224698.0772238,396.91,112319.93761749
1523224705.783238,397.16,112341.92606881
1523224713.7443266,397.15,112338.64686362
1523224722.3261366,397.17,112348.36296801
1523224730.0147102,397.39,112348.36296801
1523224737.8178968,397.62,112356.13185223
1523224745.786823,397.63,112356.13185223
1523224754.4862514,397.63,112355.93992084
1523224761.9741585,397.63,112362.59803634
1523224769.8867621,397.63,112363.18893115
1523224778.2391455,397.63,112363.24587115
1523224794.2115464,397.63,112398.15261655
1523224801.927354,397.77,112397.13525125
1523224809.936924,397.8,112418.91625448
1523224825.9204044,397.9,112405.19672114
1523224833.9186783,397.98,112418.70625114
1523224841.8416958,398.18,112643.93830399
1523224849.85197,398.2,112631.95555101
1523224857.937562,398.44,112653.40862906
1523224865.9171898,398.55,112658.16792886
1523224874.3239763,399.05,112691.39632247
1523224881.922089,399.06,112701.29632247
1523224914.0723603,399.2,112737.60350362
1523224922.531508,399.27,112733.42247894
1523224953.8841584,399.27,112718.82532785
1523224970.1057248,399.27,112705.15620411
1523225010.0752168,399.32,112762.24253296
1523225025.872581,399.43,112786.54417113
1523225034.147489,399.49,112768.00613891
1523225041.7155857,399.49,112767.28217246
1523225065.925666,399.49,112780.71641111
1523225074.317797,399.81,112780.71641111
1523225081.8050597,399.87,112780.64112112
1523225098.2429154,399.87,112770.73585696
1523225113.6920996,399.87,112751.27868347
1523225129.8362029,399.97,112789.59076649
1523225137.9122233,399.97,112790.3152953
1523225161.7539577,399.99,112872.23784706
1523225169.931579,399.99,113005.75705247
1523225178.0660784,400.18,113404.13236555
1523225185.922565,400.01,113477.34427864
1523225193.9175782,400.02,113472.68445394
1523225202.2959785,399.95,113490.51710693
1523225209.9867342,400.17,113525.60120858
1523225217.9426527,400.35,113529.30582403
1523225225.7727242,400.35,113932.32634276
1523225234.1714325,400.15,113921.90966005
1523225241.8859546,400.15,113923.04386005
1523225249.9883487,400.04,113924.98123005
1523225257.9418516,399.99,113955.84109257
1523225265.9459167,399.99,113957.71369486
1523225273.951401,399.99,114005.89639555
1523225281.9749227,400.01,114033.72559131
1523225290.3682356,400.01,114062.3468229
1523225298.157798,400.05,114079.57521216
1523225305.8373346,400.36,114135.33965231
1523225313.8970213,400.26,114150.24511318
1523225321.8690205,400.43,114159.45582119
1523225329.946677,400.43,114179.73645674
1523225338.4188907,400.43,114179.73645674
1523225354.2028382,400.43,114179.61002674
1523225361.9340978,400.9,114318.58272449
1523225369.8159528,400.02,114568.68967336
1523225377.9525278,400.21,114634.54396557
1523225385.7907915,399.99,114823.50618219
1523225393.7541604,399.96,114885.92469361
1523225401.9385998,399.99,114895.31845645
1523225409.9280376,399.99,115014.91605754
1523225417.9860077,400.51,115094.93605754
1523225425.9028146,400.66,115095.51679754
1523225433.9749277,400.65,115110.88769754
1523225442.0511005,400.65,115111.28265354
1523225450.3072712,400.63,115129.11178354
1523225457.924193,400.63,115129.11178354
1523225465.967886,400.63,115130.11178354
1523225474.1991515,400.63,115135.11178354
1523225489.7320344,400.83,115267.47202222
1523225498.2485228,400.99,115267.47202222
1523225506.5191705,400.99,115267.94094161
1523225514.0734828,400.41,115402.90792194
1523225521.9690359,400.32,115415.01275827
1523225530.1040785,400.32,115415.01275827
1523225546.2717638,400.32,115416.96481836
1523225601.7691398,400.32,115468.61597412
1523225609.8069103,400.33,115889.84945221
1523225617.9323206,399.99,116012.1636764
1523225634.1516411,399.99,116012.6396594
1523225650.2057922,399.99,116024.91878108
1523225657.8438132,399.99,116224.91281324
1523225665.869817,399.13,116664.76980219
1523225673.8500543,399.4,116899.93554749
1523225681.9624448,399.77,116988.27130749
1523225690.2686777,399.74,117031.59057704
1523225698.33937,400.01,117035.60987919
1523225705.9408464,399.72,117068.35987919
1523225714.0454063,400.02,117075.14121259
1523225722.2527256,400.02,117073.11314855
1523225730.2431202,400.15,117102.27501289
1523225738.0663192,400.44,117111.83746917
1523225746.049895,399.99,117277.22277362
1523225753.8741689,400.24,117384.18768266
1523225762.1137924,400.25,117384.18768266
1523225769.8734088,399.99,117511.05735239
1523225777.8771229,400.16,117516.997749
1523225785.8839695,400.16,117542.33233667
1523225793.8733435,400.08,117547.06641615
