1523859702465,506.94,162826.6611
1523859707478,506.94,162826.6611
1523859707488,507.0,163756.4991
1523859709637,506.51,166112.05894
1523859710568,506.65,166476.94827
1523859710984,506.71,176611.132286
1523859712950,506.71,176611.132286
1523859713916,506.51,177482.329486
1523859716566,506.3,177592.550996
1523859717783,506.3,177592.550996
1523859719800,506.89,177600.810996
1523859720934,506.59,186913.961556
1523859720938,506.3,101.10811
1523859721404,506.3,140.90329
1523859722657,506.3,140.90329
1523859724725,506.52,210.448486
1523859725856,506.53,348.933788
1523859726197,506.52,441.323036
1523859727574,506.52,441.323036
1523859729743,506.45,720.528921
1523859731812,506.37,10851.210943
1523859732621,506.37,10851.210943
1523859733416,506.45,11003.145943
1523859733685,506.45,11509.595943
1523859735950,506.45,11512.432063
1523859737588,506.45,11512.432063
1523859740801,506.37,16283.803703
1523859742633,506.37,16283.803703
1523859747392,506.3,16564.245153
1523859750412,506.3,16564.245153
1523859753401,506.3,16564.245153
1523859757284,506.41,21010.114644
1523859757583,506.41,21010.114644
1523859762659,506.41,21010.114644
1523859765989,506.38,21145.368742
1523859767417,506.3,22139.804838
1523859767996,506.3,22139.804838
1523859768522,506.3,22332.046948
1523859774654,506.34,29186.800619
1523859775594,506.5,29440.050619
1523859777923,506.5,29668.178219
1523859779091,506.89,29728.92864861
1523859779443,506.65,29772.14589361
1523859779605,506.65,29815.26180861
1523859822811,506.76,17602.23717012
1523859823572,506.76,17634.77116212
1523859826366,506.45,17743.55926212
1523859827826,506.45,17743.55926212
1523859832361,506.58,27875.15926212
1523859832814,506.58,27875.15926212
1523859834415,506.72,27947.92425412
1523859837812,506.72,27947.92425412
1523859842825,506.72,27947.92425412
1523859844479,506.72,0.0
1523859844484,506.72,0.0
1523859845675,506.64,133.475748
1523859847646,506.57,138.034878
1523859847713,506.64,7551.444678
1523859847827,506.64,7551.444678
1523859850626,506.57,7706.607069
1523859852661,506.57,7728.338922
1523859852828,506.57,7728.338922
1523859853907,506.54,7771.850708
1523859857526,506.45,7978.988758
1523859857831,506.45,7978.988758
1523859861498,506.52,16816.954764
1523859862834,506.52,16816.954764
1523859863724,506.64,21882.355424
1523859864959,506.64,21887.275424
1523859867819,506.64,21887.275424
1523859868811,506.57,26510.790471
1523859869477,506.51,28071.485063
1523859872876,506.51,28071.485063
1523859874433,506.53,28131.154297
1523859874538,506.51,28178.766237
1523859877865,506.51,28178.766237
1523859878866,506.53,28182.356237
1523859879753,506.51,31577.897975
1523859882878,506.51,31577.897975
1523859884509,506.48,32084.377975
1523859887880,506.48,32084.377975
1523859892907,506.48,32084.377975
1523859897284,506.48,42213.777975
1523859897889,506.48,42213.777975
1523859898548,506.45,42213.82862
1523859903384,506.45,42213.82862
1523859903446,506.42,101.284
1523859906787,506.4,252.34312
1523859907639,506.51,13564.939017
1523859907907,506.51,13564.939017
1523859912929,506.51,13564.939017
1523859917947,506.51,13564.939017
1523859922942,506.51,13564.939017
1523859923632,506.51,14875.837548
1523859924395,506.48,14992.479892
1523859927955,506.48,14992.479892
1523859930833,506.49,15179.425351
1523859931645,506.49,15846.591269
1523859932962,506.49,15846.591269
1523859936459,506.49,15998.892812
1523859937963,506.49,15998.892812
1523859941491,506.49,16103.077805
1523859942967,506.49,16103.077805
1523859947398,506.49,17181.192419
1523859947504,506.51,17242.632082
1523859947959,506.51,17242.632082
1523859948648,506.49,19501.273588
1523859949926,506.49,20267.453277
1523859951805,506.5,20368.753277
1523859952977,506.5,20368.753277
1523859953516,506.48,20544.147301
1523859957957,506.48,20544.147301
1523859961508,506.64,7674.729479
1523859962420,506.4,8812.637759401705
1523859962952,506.4,8812.637759401705
1523859967985,506.4,8812.637759401705
1523859968419,506.53,8994.228764401705
1523859968534,506.62,19126.628764401707
1523859973023,506.62,19126.628764401707
1523859975930,506.63,27769.331260401705
1523859977464,506.55,28101.020200401705
1523859978288,506.55,28101.020200401705
1523859981960,506.53,28448.196482401705
1523859982978,506.53,28448.196482401705
1523859987685,506.53,31895.133132401705
1523859987962,506.53,31895.133132401705
1523859988750,506.74,32003.626166401704
1523859991619,506.74,32103.149902401707
1523859992966,506.74,32103.149902401707
1523859997395,506.74,32351.705872401704
1523859997968,506.74,32351.705872401704
1523859999905,506.96,33242.130416401706
1523860001629,506.96,33513.70888840171
1523860001653,506.96,33785.28736040171
1523860002504,506.98,33948.6363164017
1523860002915,506.96,33948.68701240171
1523860002973,506.96,33948.68701240171
1523860003426,506.96,33988.22989240171
1523860007372,506.85,44125.22989240171
1523860007969,506.85,44125.22989240171
1523860012368,506.74,44258.45183840171
1523860013189,506.74,44258.45183840171
1523860018202,506.74,44258.45183840171
1523860018481,506.96,45031.56583840171
1523860019400,506.96,47651.078854401705
1523860020672,506.96,9267.003674
1523860020694,506.96,10361.83449
1523860021323,506.96,11156.139418
1523860021723,506.96,11455.803474
1523860023337,506.96,11455.803474
1523860023583,506.98,11706.251594
1523860027482,506.96,11733.67813
1523860028329,506.96,11733.67813
1523860029912,506.99,11744.32492
1523860029959,506.99,11767.13947
1523860030465,506.99,11929.325571
1523860033283,507.01,22139.359925
1523860033354,507.01,22139.359925
1523860036564,507.01,24917.267715
1523860037219,507.06,25931.387715
1523860038352,507.06,25931.387715
1523860038658,506.97,26345.430114
1523860039470,507.01,26456.76951
1523860041484,507.01,27609.152539
1523860042423,507.02,28629.276779
1523860042777,507.02,28872.646379
1523860042790,507.09,29072.646379
1523860043348,507.09,29072.646379
1523860044796,507.05,39213.646379
1523860046579,507.02,40233.771619
1523860048350,507.02,40233.771619
1523860050666,507.02,40857.609027
1523860051381,507.02,41169.527731
1523860051389,507.02,41246.949685
1523860053359,507.02,41246.949685
1523860055752,506.96,47020.772518
1523860056859,507.02,60202.932518
1523860058359,507.02,60202.932518
1523860061580,507.01,60923.396295
1523860063362,507.01,60923.396295
1523860067337,507.09,61509.182421
1523860068364,507.09,61509.182421
1523860069925,507.09,67510.795407
1523860071582,507.1,68165.157247
1523860073454,507.1,68165.157247
1523860076409,507.11,68690.066808
1523860076605,507.11,68690.878184
1523860078406,507.11,68690.878184
1523860079342,507.11,69790.685507
1523860079754,507.29,70790.685507
1523860080932,507.3,608.76
1523860081454,507.31,737.768933
1523860081695,507.38,940.720933
1523860082564,507.47,1942.060737
1523860083232,507.48,2171.953177
1523860083376,507.48,2171.953177
1523860083901,507.56,14541.32848
1523860084386,507.52,24692.091132
1523860084394,507.72,24872.687136
1523860085453,507.94,25609.149436
1523860085723,507.94,26117.089436
1523860087826,507.94,50310.858956
1523860087886,507.94,50318.224086
1523860088367,507.94,50318.224086
1523860088724,507.94,50470.606086
1523860089437,507.94,50475.685486
1523860089462,507.94,52452.13082
1523860089641,507.95,56183.435714
1523860089936,507.95,62610.781039
1523860090956,507.92,62849.097103
1523860091450,507.47,63331.193603
1523860091612,507.45,64126.317008
1523860093388,507.45,64126.317008
1523860094487,507.32,65141.080633
1523860095973,507.84,65238.281209
1523860096623,507.84,65339.849209
1523860096672,507.84,65423.185753
1523860096678,507.41,66301.651177
1523860096914,507.41,66504.412213
1523860097418,507.4,66715.798227
1523860098395,507.4,66715.798227
1523860098433,507.92,67168.784947
1523860098494,507.92,67371.724947
1523860098498,507.25,67528.769547
1523860098663,507.41,67570.732354
1523860099477,507.41,67639.790855
1523860100278,507.16,67893.449076
1523860100763,507.92,68096.389076
1523860103382,507.92,68096.389076
1523860105485,507.61,88472.631582
1523860107586,507.51,98622.831582
1523860108353,507.51,98733.418011
1523860108406,507.51,98733.418011
1523860110936,507.92,99630.404731
1523860111570,507.93,103812.700351
1523860113394,507.93,103812.700351
1523860114597,507.16,103939.490351
1523860115424,507.16,106032.691819
1523860115566,507.16,106040.603515
1523860116907,507.16,106290.503687
1523860117599,507.16,106540.381419
1523860117631,507.16,106793.961419
1523860117673,507.16,106881.091507
1523860118390,507.16,106881.091507
1523860118444,507.36,117039.40729
1523860123379,507.36,117039.40729
1523860123472,507.68,118917.708176
1523860126414,507.7,119417.708176
1523860128420,507.7,119417.708176
1523860129498,507.43,129566.289176
1523860131697,507.17,133268.701176
1523860133398,507.17,133268.701176
1523860134759,507.23,133343.213263
1523860136567,507.31,133490.992666
1523860138386,507.31,133490.992666
1523860140632,507.2,141851.474586
1523860142356,507.33,2688.692191
1523860142539,507.16,7760.390191
1523860143413,507.16,7760.390191
1523860143574,507.16,9760.375651
1523860143587,507.16,11760.361111
1523860143796,507.16,11815.641551
1523860145458,507.08,12218.269009
1523860145933,507.17,12544.835426
1523860146633,507.17,12553.609467
1523860147298,507.17,16439.190988
1523860147523,507.17,18304.308663
1523860148483,507.17,18304.308663
1523860148599,507.17,18465.385855
1523860151467,507.07,18668.21593
1523860153547,507.07,18668.21593
1523860153571,507.0,18871.030455
1523860156785,507.22,19029.130929
1523860158648,507.22,19029.130929
1523860161440,507.03,19090.430856
1523860163517,507.05,29231.430856
1523860163652,507.05,29231.430856
1523860168529,507.03,29243.193952
1523860168650,507.03,29243.193952
1523860168856,507.03,29254.957048
1523860170624,507.03,29305.660048
1523860173397,507.01,35769.378435
1523860173655,507.01,35769.378435
1523860176387,507.01,36081.544492
1523860176443,507.0,36117.034492
1523860178670,507.0,36117.034492
1523860181539,507.01,36329.978692
1523860182910,507.01,39792.400683
1523860183774,507.01,39792.400683
1523860184699,507.0,40874.951298
1523860188666,507.0,40874.951298
1523860192490,507.0,42408.017898
1523860193671,507.0,42408.017898
1523860194694,507.21,42673.14247589
1523860198682,507.21,42673.14247589
1523860201501,507.21,52.22135611
1523860201883,507.54,625.25195512
1523860202704,507.21,934.49789212
1523860203680,507.21,934.49789212
1523860204431,507.21,1484.00920612
1523860208674,507.21,1484.00920612
1523860213518,507.21,1954.64936512
1523860213584,507.21,2005.29019701
1523860213713,507.21,2005.29019701
1523860214728,507.21,2316.92210689
1523860217469,507.0,5562.53330689
1523860218676,507.0,5562.53330689
1523860219493,506.95,5742.65264189
1523860220633,506.94,6025.06891589
1523860221511,506.95,6030.39189089
1523860223695,506.95,6030.39189089
1523860228683,506.95,6030.39189089
1523860229208,506.95,6537.34189089
1523860229900,506.95,9137.33635589
1523860230808,506.94,9249.72495389
1523860233381,506.92,9461.16128589
1523860233709,506.92,9461.16128589
1523860234470,506.92,9529.84894589
1523860235767,506.91,9654.80226089
1523860237335,506.9,9722.27065089
1523860238703,506.9,9722.27065089
1523860239597,506.74,9795.84929889
1523860243703,506.74,9795.84929889
1523860248703,506.84,19932.64929889
1523860248723,506.84,19932.64929889
1523860249483,506.74,21229.38394289
1523860249567,506.69,21336.14352589
1523860250886,506.69,21581.07747189
1523860251470,506.69,21843.89884889
1523860252638,506.69,21995.90584889
1523860253486,506.69,23176.44160589
1523860253710,506.69,23176.44160589
1523860253903,506.91,23512.77639089
1523860254487,506.64,30650.667379568877
1523860257671,506.9,31107.181519568876
1523860257898,506.9,31207.192889568876
1523860258948,506.9,31207.192889568876
1523860260887,506.92,31492.144542738875
1523860260888,506.92,100.015316
1523860263701,506.92,100.015316
1523860265531,507.0,347.72895424
1523860266731,506.81,8213.40369224
1523860267369,507.0,8329.25319224
1523860268708,507.0,8329.25319224
1523860270212,507.0,8420.56389224
1523860270324,507.0,10743.95793743
1523860271600,507.0,13257.05553743
1523860273362,506.77,13348.32481443
1523860273726,507.0,13448.33983743
1523860278598,507.0,15631.74936683
1523860278727,507.0,15631.74936683
1523860279655,507.0,15769.80546683
1523860280668,507.07,26582.42276683
1523860281734,507.0,27268.83603743
1523860283711,507.0,27268.83603743
1523860288719,507.0,27268.83603743
1523860288773,506.8,27405.97611743
1523860292274,506.89,32708.85654143
1523860293717,506.89,32708.85654143
1523860298713,506.89,32708.85654143
1523860299323,506.94,32859.56980343
1523860299545,506.89,36442.33011843
1523860303371,507.0,37008.42342643
1523860303736,507.0,37008.42342643
1523860304966,506.98,37183.83850643
1523860306486,507.0,37978.86520643
1523860308739,507.0,37978.86520643
1523860311602,507.0,38376.35320643
1523860313714,507.0,38376.35320643
1523860318494,507.0,38534.89210643
1523860318738,507.0,38534.89210643
1523860322847,507.0,124.7360294
1523860323721,507.0,124.7360294
1523860327459,507.09,319.5600074
1523860328733,507.09,319.5600074
1523860333412,507.1,1333.7600074
1523860333547,507.09,1492.3270504
1523860333572,507.1,1974.0720504
1523860333738,507.1,1974.0720504
1523860334473,507.15,2764.1981714
1523860335620,507.09,2855.4236624
1523860335959,507.13,3076.0232124
1523860336549,507.13,3256.2572144
1523860337500,507.15,3375.4881794
1523860338741,507.15,3375.4881794
1523860339499,507.18,3476.9748974
1523860340539,507.4,13951.8442934
1523860341571,507.7,16834.5332884
1523860343737,507.7,16834.5332884
1523860344536,507.13,17387.0007104
1523860348748,507.13,17387.0007104
1523860349771,507.24,23254.0428944
1523860352474,508.0,26147.742599851645
1523860352578,507.22,26285.757161851645
1523860354078,507.22,26285.757161851645
1523860354486,507.22,26349.210383851645
1523860354700,507.22,26487.174223851645
1523860355961,507.35,26655.665158851643
1523860356378,507.24,26871.292882851645
1523860359085,507.24,26871.292882851645
1523860360590,507.24,38427.01718685165
1523860362570,507.24,39310.768356851644
1523860363688,507.15,39377.91501685164
1523860364082,507.15,39377.91501685164
1523860364337,507.32,39603.36125685165
1523860365580,507.15,42900.659239851644
1523860367750,507.15,43458.11851985165
1523860368583,507.19,43572.13483185165
1523860369554,507.19,43572.13483185165
1523860370659,507.19,43699.64239785165
1523860370719,507.17,53715.53985985165
1523860374100,507.17,53715.53985985165
1523860374373,507.17,53816.872425851645
1523860374696,507.17,53843.04239785165
1523860378485,507.19,54674.39478985164
1523860379089,507.19,54674.39478985164
1523860379611,507.17,54715.374125851646
1523860381599,507.99,891.95208302
1523860384489,507.99,891.95208302
1523860385590,507.69,3178.18169102
1523860386366,507.29,3363.79910202
1523860388393,507.15,7383.75304102
1523860388574,507.19,7641.45628002
1523860389088,507.19,7641.45628002
1523860389233,507.29,7642.67377602
1523860391587,507.22,17787.07377602
1523860394092,507.22,17787.07377602
1523860394388,507.69,18244.11441002
1523860398458,507.27,18588.44928602
1523860399106,507.27,18588.44928602
1523860399578,507.53,25061.63916502
1523860403930,507.47,25153.03451202
1523860404097,507.47,25153.03451202
1523860409096,507.47,25153.03451202
1523860409778,507.47,25244.42985902
1523860410767,507.34,32252.01287502
1523860412381,507.49,32343.41182402
1523860414491,507.49,32343.41182402
1523860419471,507.49,32343.41182402
1523860424471,507.49,32343.41182402
1523860427436,507.4,36476.79336902
1523860428384,507.49,36522.11222602
1523860429491,507.48,36613.50937402
1523860429539,507.48,36613.50937402
1523860430665,507.45,36654.10537402
1523860434587,507.45,36654.10537402
1523860434769,507.41,38381.27827302
1523860436449,507.38,38532.73120302
1523860436449,507.28,38615.36711502
1523860439694,507.28,38615.36711502
1523860440844,507.45,247.123866
1523860440870,507.47,409.006796
1523860444582,507.26,609.756489
1523860444904,507.26,609.756489
1523860445604,507.34,614.829889
1523860449468,507.42,3703.428657
1523860449808,507.42,3703.428657
1523860450660,507.42,3844.948657
1523860452945,507.54,3946.5024071329076
1523860453448,507.27,4504.401226132908
1523860454699,508.0,7043.940674642387
1523860454801,508.0,7043.940674642387
1523860457553,507.54,7156.462292642387
1523860459786,507.54,7156.462292642387
1523860464801,507.54,7156.462292642387
1523860465496,507.41,7221.816700642387
1523860466711,507.41,7294.274848642387
1523860467494,507.47,7348.472644642387
1523860469800,507.47,7348.472644642387
1523860471527,508.0,23420.481223642386
1523860471859,508.05,23584.479760606373
1523860474915,508.05,23584.479760606373
1523860478897,507.39,23838.174760606373
1523860479924,507.39,23838.174760606373
1523860482334,508.21,24092.279760606372
1523860483542,507.53,24167.394200606373
1523860484916,507.53,24167.394200606373
1523860486354,507.88,34324.99420060637
1523860487377,507.92,34461.269136606374
1523860487601,507.91,36416.367099606374
1523860488713,507.91,36463.755102606374
1523860490007,507.91,36463.755102606374
1523860492521,508.16,41112.43894060637
1523860493732,508.16,41701.70127660637
1523860494562,508.21,44566.32858360637
1523860494947,508.21,44566.32858360637
1523860495914,508.21,46169.934417606375
1523860496419,508.21,46622.190496606374
1523860496562,508.22,56786.590496606375
1523860496598,508.21,56807.07135960637
1523860499296,508.21,56948.20127660637
1523860499667,508.0,57360.494076606374
1523860499793,507.92,57868.022812606374
1523860499919,507.92,57868.022812606374
1523860501352,508.2,331.70214
1523860501782,508.2,824.65614
1523860502477,508.2,894.1779
1523860504613,508.2,934.42734
1523860504739,508.2,955.77174
1523860504939,508.2,955.77174
1523860505360,508.2,1871.09076
1523860506563,508.21,2597.424492
1523860509924,508.21,2597.424492
1523860510255,508.22,4168.690988
1523860510629,508.23,4198.269974
1523860512379,508.5,19782.670014
1523860513411,508.5,19791.009414
1523860513764,508.5,19978.747614
1523860515318,508.5,19978.747614
1523860515641,508.5,20178.638964
1523860516259,508.5,30358.778364
1523860517711,508.62,30360.660258
1523860518543,508.5,30896.720958
1523860518584,508.31,31100.065991
1523860519372,508.62,31125.496991
1523860519599,508.63,31216.999528
1523860519950,508.63,32769.643466
1523860519960,508.63,32769.643466
1523860520513,508.65,33120.103316
1523860521512,508.31,33323.506507
1523860521749,508.64,33508.532123
1523860523440,508.24,34995.357075
1523860523924,508.26,35198.661075
1523860524936,508.26,35198.661075
1523860528951,508.65,35676.270645
1523860529460,508.99,67257.028165
1523860529642,508.99,67409.725165
1523860529951,508.99,67409.725165
1523860530933,508.99,77447.26246
1523860530969,508.99,78465.24246
1523860530984,508.99,83555.14246
1523860531453,508.99,86514.41032
1523860531483,508.99,86794.35482
1523860532488,508.99,87303.34482
1523860532704,508.99,99782.558044
1523860532745,508.99,99912.859484
1523860533471,508.99,100004.426785
1523860533690,508.99,100513.416785
1523860534280,508.99,101316.552106
1523860534500,508.99,101434.128796
1523860534967,508.99,101434.128796
1523860535562,508.99,104443.58307
1523860535635,508.99,104497.739606
1523860535927,508.99,104602.082556
1523860536427,508.99,104816.876336
1523860538475,508.99,104909.512516
1523860538569,508.99,106208.454996
1523860539622,508.99,106552.735832
1523860539868,508.99,106756.331832
1523860540077,508.99,106756.331832
1523860540546,508.99,109603.520094
1523860541673,508.99,109676.305664
1523860541739,508.99,110694.285664
1523860542450,508.99,110785.852965
1523860544941,508.99,110785.852965
1523860545651,508.99,112465.825359
1523860545861,508.99,112557.39266
1523860546536,509.0,112710.09266
1523860546861,509.0,122890.09266
1523860547418,508.99,126334.630687
1523860547813,508.99,126538.226687
1523860548377,509.0,135030.840787
1523860548736,509.0,135045.601787
1523860548776,509.0,135137.170887
1523860549915,509.0,135233.371887
1523860549936,509.0,135233.371887
1523860550618,509.0,135610.031887
1523860551589,509.0,135691.319187
1523860551771,509.0,135909.018487
1523860551798,509.0,136000.587587
1523860552447,509.0,136308.532587
1523860552484,509.0,136511.114587
1523860552550,509.0,136672.976587
1523860553404,509.0,137900.531887
1523860553475,509.0,138329.765515
1523860553771,509.01,139043.244832
1523860553956,509.01,139398.533812
1523860554515,509.01,139763.493982
1523860554947,509.01,139763.493982
1523860555322,509.01,139768.584082
1523860555650,509.01,140277.594082
1523860555956,509.01,140481.198082
1523860556467,509.01,140486.288182
1523860556566,509.3,151614.766574
1523860556938,509.2,151934.034974
1523860557471,509.2,152111.847614
1523860557657,509.2,155025.337254
1523860558332,509.2,155064.087374
1523860558484,509.01,156065.819054
1523860559550,509.08,156079.055134
1523860559821,509.03,156282.683564
1523860559953,509.03,156282.683564
1523860560941,509.03,91.574497
1523860563445,509.03,324.913849
1523860564478,509.3,1337.860619
1523860564501,509.03,2356.295736
1523860564956,509.03,2356.295736
1523860565480,509.11,2523.258376
1523860565888,509.23,3032.488376
1523860566469,509.03,3804.700226
1523860566519,509.03,3809.790526
1523860566834,509.03,3901.365023
1523860568230,509.05,4139.804043
1523860569712,509.19,4553.266323
1523860570030,509.19,4553.266323
1523860570619,509.21,4892.909393
1523860571514,509.19,4946.934452
1523860571656,509.19,4982.068562
1523860572353,509.19,5091.035222
1523860572535,509.19,5096.127122
1523860572882,509.19,5101.219022
1523860573372,509.75,23449.455667
1523860573455,509.75,27331.201917
1523860573935,509.75,27332.272392
1523860574400,509.75,29179.402492
1523860574691,509.75,29184.499992
1523860574941,509.75,29184.499992
1523860575561,509.75,29189.597492
1523860575814,509.75,29835.858542
1523860575832,509.75,30855.358542
1523860576297,509.75,30996.049542
1523860576442,509.75,32015.549542
1523860576753,509.75,32115.817367
1523860577734,509.75,36922.810842
1523860578431,509.75,37137.466567
1523860579943,509.75,37137.466567
1523860581490,509.75,40284.866967
1523860582518,509.75,40457.162467
1523860582530,509.75,47846.753342
1523860583473,509.75,57230.690117
1523860583507,509.75,70937.563572
1523860583798,509.75,71161.853572
1523860583960,509.75,71253.557597
1523860584517,509.75,71457.457597
1523860584720,509.75,71661.357597
1523860584948,509.75,71661.357597
1523860585600,509.75,75232.920972
1523860585938,509.77,79510.808858
1523860586412,509.75,79714.708858
1523860586415,509.75,79938.998858
1523860586547,509.75,80163.288858
1523860586750,509.75,81892.666708
1523860587482,509.75,82058.335458
1523860587488,509.75,82063.432958
1523860588308,509.75,82471.232958
1523860588529,509.75,84074.447683
1523860588788,509.75,84278.347683
1523860589510,509.75,84808.997433
1523860589789,509.75,84900.701458
1523860589981,509.75,84900.701458
1523860590869,509.75,85053.626458
1523860590896,509.75,104536.169508
1523860591300,509.81,104799.154087
1523860591338,509.81,105092.804647
1523860591487,509.81,105480.056323
1523860592010,509.78,116145.268424
1523860592450,509.78,116389.962824
1523860592457,509.78,116593.874824
1523860592560,509.78,118948.089842
1523860593465,509.78,119227.959062
1523860593473,509.92,156478.80127
1523860593524,509.78,156682.71327
1523860593545,509.78,156895.29153
1523860594564,509.75,157335.229891
1523860594570,509.75,157539.129891
1523860594995,509.75,157539.129891
1523860595471,509.75,157783.809891
1523860596715,509.82,163628.559771
1523860599977,509.82,163628.559771
1523860600398,509.88,166599.925551
1523860600651,509.92,166752.901551
1523860600680,509.92,169376.541935
1523860600716,509.92,169391.839535
1523860601587,509.92,169789.577135
1523860601670,509.92,170241.672207
1523860602199,509.92,170445.640207
1523860602449,509.92,170471.136207
1523860602791,509.92,170713.093247
1523860603386,509.92,171262.124111
1523860603692,509.92,171270.231839
1523860603711,509.92,171494.596639
1523860604386,509.92,171569.044959
1523860604613,509.9,171793.408461
1523860604979,509.9,171793.408461
1523860605437,509.96,172049.663185
1523860605820,509.96,172676.913985
1523860605825,509.9,172901.295347
1523860606284,509.95,176087.995692
1523860606393,509.82,176332.714844
1523860607316,509.84,176577.851508
1523860607444,509.84,177685.88678
1523860607813,509.84,180151.778924
1523860608366,509.82,181484.09153
1523860608618,509.82,182584.639964
1523860608902,509.82,183053.674364
1523860609368,509.82,183277.995164
1523860609515,509.84,183722.25982
1523860609975,509.84,183722.25982
1523860610537,509.82,184493.503355
1523860610836,509.82,185064.142487
1523860611481,509.82,185441.409887
1523860611695,509.82,185665.730687
1523860612594,509.48,186568.608681
1523860613882,509.48,186792.779881
1523860615001,509.48,186792.779881
1523860616417,509.21,188951.903341
1523860616790,509.59,190844.083923
1523860617510,509.5,190948.735223
1523860617817,509.02,191172.704023
1523860618456,509.0,191396.664023
1523860618573,509.02,192515.204729
1523860619380,509.02,192560.202097
1523860619907,509.48,192666.224885
1523860619984,509.48,192666.224885
1523860620938,509.0,152.7
1523860621423,509.48,1021.85598
1523860621431,509.48,1225.32598
1523860622483,509.47,1316.774255
1523860623417,509.5,2539.332415
1523860623648,509.47,2659.923964
1523860623893,509.23,12844.523964
1523860624891,509.44,12893.583036
1523860625003,509.44,12893.583036
1523860625696,508.9,25122.941716
1523860626644,509.0,29222.761704
1523860626907,508.65,35358.106889
1523860627473,508.65,35561.566889
1523860627533,509.0,36091.334089
1523860627646,508.65,36315.140089
1523860628564,508.65,36819.670024
1523860628691,509.5,71391.264119
1523860628744,509.5,71900.764119
1523860629634,509.5,90278.354757
1523860629655,509.5,90285.080157
1523860629991,509.5,90285.080157
1523860631917,509.5,237000.139707
1523860633919,509.11,275430.053354
1523860634376,508.35,280207.764816
1523860634384,508.64,280645.24608
1523860634690,508.73,281154.753459
1523860635002,508.73,281154.753459
1523860635654,508.01,286295.79277
1523860635952,508.51,286336.47357
1523860636403,508.51,286411.834752
1523860636581,508.01,286819.592325
1523860638352,508.36,288068.552325
1523860638575,508.36,288795.557961
1523860639999,508.36,288795.557961
1523860640989,508.01,289019.137819
1523860642287,508.17,299182.537819
1523860643474,508.19,299894.003819
1523860643671,508.17,300092.550998
1523860644988,508.17,300092.550998
1523860649993,508.17,300092.550998
1523860650608,508.67,300119.510508
1523860653962,508.11,301315.997907
1523860654790,508.73,301607.04234
1523860654998,508.73,301607.04234
1523860655547,508.42,309122.167037
1523860660004,508.42,309122.167037
1523860665003,508.42,309122.167037
1523860666856,508.75,309533.846941
1523860668387,508.66,315857.864123
1523860669996,508.66,315857.864123
1523860670657,508.75,317582.730123
1523860675003,508.75,317582.730123
1523860675574,509.02,317609.250065
1523860676626,509.02,317623.451723
1523860677521,509.09,317773.120005
1523860677957,509.09,317879.519815
1523860678773,509.11,318827.22808
1523860679541,509.18,320354.76808
1523860680263,509.18,320354.76808
1523860685001,509.18,320354.76808
1523860685289,509.51,6192.470271
1523860685600,509.65,16385.470271
1523860685692,509.53,16397.953756
1523860686665,509.51,17666.671196
1523860687455,509.55,17746.670546
1523860687651,509.51,18765.690546
1523860688352,509.51,21822.783946
1523860689584,509.53,22332.313946
1523860689691,509.79,22654.242209
1523860690011,509.79,22654.242209
1523860691806,509.51,23197.379869
1523860692294,509.53,23263.313051
1523860692344,509.51,23589.399451
1523860693389,509.52,24042.872251
1523860694364,509.52,27099.992251
1523860694387,509.52,27609.512251
1523860694743,509.53,27666.22294
1523860694775,509.55,28588.355575
1523860695004,509.55,28588.355575
1523860695540,509.79,29491.703455
1523860695750,509.79,30341.013595
1523860696537,509.79,30576.536575
1523860698771,509.68,34141.238495
1523860699363,509.68,35322.167055
1523860700031,509.68,35322.167055
1523860702779,509.72,38031.912791
1523860704290,509.72,38109.441203
1523860704704,509.76,48304.641203
1523860705020,509.76,48304.641203
1523860705929,509.72,48340.321603
1523860708938,509.72,48744.274703
1523860709653,509.81,48874.019303
1523860710034,509.81,48874.019303
1523860710939,509.55,52923.381012
1523860711437,509.98,53864.294112
1523860712438,509.99,76193.907035
1523860712621,509.73,79129.52383055989
1523860712708,509.75,79534.24466555989
1523860713474,509.97,79631.3429535599
1523860713674,510.0,94203.487675
1523860713911,510.01,96138.057607
1523860714529,510.01,99164.762953
1523860715018,510.01,99164.762953
1523860716428,510.28,99255.847533
1523860717329,510.9,101971.967844
1523860720019,510.9,101971.967844
1523860721738,510.31,109608.87031959667
1523860721901,510.66,116597.52337259667
1523860722366,510.33,119863.14839759667
1523860723426,510.96,120198.24811759667
1523860723677,510.96,130705.53246759667
1523860723919,510.81,130889.06650059667
1523860724382,510.81,131218.64111259667
1523860724807,510.72,133176.93089259666
1523860725025,510.72,133176.93089259666
1523860725685,510.53,134277.93989059667
1523860726381,510.82,140121.88995559668
1523860726625,510.96,140801.87552359668
1523860727474,510.71,142028.74715359666
1523860727544,510.95,142109.73272859666
1523860728497,510.95,142204.00300359668
1523860728549,510.95,143569.21030859667
1523860728869,510.95,143705.28081259667
1523860728907,510.95,145952.84767259666
1523860729510,510.95,157437.62410759667
1523860730035,510.95,157437.62410759667
1523860730289,511.0,165737.98039359666
1523860730453,511.0,166183.41909359666
1523860730721,511.0,168912.26129359668
1523860731596,511.0,168959.22219359668
1523860731820,511.0,168964.33219359667
1523860732483,511.0,169014.30799359668
1523860732676,511.0,169259.58799359668
1523860732922,511.0,169412.88799359667
1523860733620,510.99,170669.57277159666
1523860734155,510.99,171352.25541159668
1523860734558,510.94,171648.44732959667
1523860735028,510.94,171648.44732959667
1523860736521,510.48,171740.28268159667
1523860736563,510.95,172429.55423159667
1523860739907,510.97,179456.52797059668
1523860740043,510.97,179456.52797059668
1523860740972,510.95,189675.52797059668
1523860741118,510.97,153.291
1523860741723,511.0,613.997755
1523860741826,511.0,619.107755
1523860742630,511.03,3695.448355
1523860743229,511.07,3723.046135
1523860743467,511.07,4061.272261
1523860744620,511.17,4122.682261
1523860744740,511.07,4232.562311
1523860744798,511.07,4448.029423
1523860745026,511.07,4448.029423
1523860745544,511.0,4815.489523
1523860746566,511.0,13068.137885
1523860746964,511.0,16243.798485
1523860747543,511.0,17265.798485
1523860747558,511.07,17321.862864
1523860747740,511.33,21574.594474
1523860747747,511.0,26323.624074
1523860748287,511.0,29498.211574
1523860748494,511.0,35463.095002
1523860748561,511.0,35468.205002
1523860749609,511.0,57386.119202
1523860749757,511.0,63341.926402
1523860750417,511.0,63341.926402
1523860750701,511.0,63540.654302
1523860750911,511.0,70217.738002
1523860751402,511.0,70244.258902
1523860752226,510.95,70475.013096
1523860752390,510.95,71521.63856596
1523860754205,511.0,72032.63856596
1523860754402,511.0,74356.20666596
1523860754456,510.95,74971.90141596
1523860755228,510.95,74971.90141596
1523860755755,511.0,76365.24192096
1523860760242,511.0,76365.24192096
1523860760707,510.69,81714.97622296
1523860761123,511.02,86636.129123
1523860761606,511.02,90329.8829569236
1523860761959,510.93,100548.4829569236
1523860762652,510.62,100803.7929569236
1523860762800,510.63,100808.8992569236
1523860763582,510.62,102918.8204169236
1523860765237,510.62,102918.8204169236
1523860765604,510.62,103149.2121609236
1523860765828,510.62,103268.7993649236
1523860767412,510.61,104506.2967229236
1523860768480,510.26,104706.7778769236
1523860769451,510.61,109358.1765209236
1523860769693,510.26,109938.3931669236
1523860770262,510.26,109938.3931669236
1523860770722,510.43,120146.9591839236
1523860771605,510.02,120492.59973792359
1523860773584,510.0,130964.4297379236
1523860775509,510.0,130964.4297379236
1523860776426,508.75,150834.8253234835
1523860777428,508.77,151185.8207484835
1523860777793,508.75,151450.3707484835
1523860778637,508.75,151694.5707484835
1523860778672,508.75,151959.1207484835
1523860780255,508.75,151959.1207484835
1523860780565,508.77,164242.01710548348
1523860781451,508.77,164570.0720014835
1523860782096,508.65,164764.47803148348
1523860783490,508.63,164898.04426948348
1523860784609,508.63,164913.4557584835
1523860784718,508.56,165142.30775848348
1523860785242,508.56,165142.30775848348
1523860785674,508.56,165324.3213824835
1523860786496,508.54,165500.9373244835
1523860786906,508.76,166009.5437304835
1523860788391,508.57,166519.6902974835
1523860788846,508.57,166705.72520348348
1523860789834,508.75,166986.0464534835
1523860790245,508.75,166986.0464534835
1523860792477,508.76,172101.1094624835
1523860792557,508.76,172531.4182444835
1523860795260,508.76,172531.4182444835
1523860795548,508.78,177619.2182444835
1523860796487,508.74,178531.7063084835
1523860798512,508.92,188710.1197364835
1523860798556,509.08,189450.01660848348
1523860799594,509.15,190229.01610848348
1523860800269,509.15,190229.01610848348
1523860801370,509.18,708.982232
1523860802433,509.53,758.151877
1523860805248,509.53,758.151877
1523860806949,509.19,916.560886
1523860810250,509.19,916.560886
1523860815447,509.19,916.560886
1523860818947,509.53,1171.030886
1523860820256,509.53,1171.030886
1523860825316,509.53,1171.030886
1523860828328,509.51,1467.361902
1523860829304,509.95,5082.1692
1523860830253,509.95,5082.1692
1523860832453,509.72,5938.76484
1523860833485,509.72,5995.751536
1523860834740,509.7,6182.964346
1523860835263,509.7,6182.964346
1523860836724,509.83,7202.548289
1523860838420,509.98,8117.8767
1523860840809,509.98,8117.8767
1523860845431,509.98,8117.8767
1523860845771,509.64,17047.788089
1523860850443,509.64,17047.788089
1523860852380,509.88,17168.323721
1523860853351,509.64,22687.724921
1523860853573,509.88,22789.700921
1523860854524,509.88,23620.550381
1523860855409,509.88,23620.550381
1523860856567,509.58,23622.588701
1523860860417,509.58,23622.588701
1523860860859,509.88,23846.273057
1523860863257,509.98,1307.792712
1523860863545,509.93,3397.638831
1523860864575,509.98,3638.757375
1523860865450,509.98,3638.757375
1523860870453,509.98,3638.757375
1523860871888,509.98,3639.930329
1523860872563,510.03,5275.632222
1523860873942,510.09,9571.71222
1523860875475,510.09,9571.71222
1523860875849,509.88,12364.008566
1523860876680,509.88,12521.96939
1523860880468,509.88,12521.96939
1523860880493,509.88,12974.334926
1523860881449,509.88,12975.50765
1523860882617,509.93,21489.247937
1523860883367,509.33,23017.522391
1523860883478,509.45,23222.219401
1523860883866,509.33,23771.640963
1523860885469,509.33,23771.640963
1523860890471,509.33,23771.640963
1523860893450,509.99,24968.536494
1523860895504,509.99,24968.536494
1523860899514,509.99,32755.369808
1523860900607,509.99,32755.369808
1523860905473,509.99,32755.369808
1523860906450,509.99,32908.366808
1523860907263,510.05,33928.488921
1523860910486,510.05,33928.488921
1523860910914,510.27,39841.143845
1523860913350,509.99,40861.217729
1523860915498,509.99,40861.217729
1523860916139,510.28,48860.981175
1523860917838,510.28,49014.065175
1523860918524,510.28,49218.177175
1523860919296,510.31,49299.163372
1523860920489,510.31,49299.163372
1523860920832,510.41,102.082
1523860922609,510.36,10485.475532
1523860925463,510.28,12791.944414
1523860925506,510.28,12791.944414
1523860928338,510.8,33679.218418
1523860930470,510.8,33679.218418
1523860932749,510.3,33687.587338
1523860935639,510.3,33687.587338
1523860936093,510.28,34040.510914
1523860939481,510.35,34445.065359
1523860940511,510.54,44655.865359
1523860940633,510.54,44655.865359
1523860943890,510.8,47785.666514
1523860944349,510.8,51709.632114
1523860944560,510.49,53967.116837
1523860944589,510.8,70026.668837
1523860945483,510.8,70536.293997
1523860945628,510.8,70536.293997
1523860946371,510.57,70682.163846
1523860947507,510.8,71107.915646
1523860947668,510.68,81421.530286
1523860948282,510.8,82153.786164
1523860950657,510.8,82153.786164
1523860950849,510.79,82942.713924
1523860954344,510.79,83542.483763
1523860954799,510.79,85431.817224
1523860955498,510.79,88282.076503
1523860955719,510.79,88282.076503
1523860955871,510.81,88292.292703
1523860956830,510.82,88751.724211
1523860959922,510.81,88832.687596
1523860960651,510.81,89037.011596
1523860960923,510.81,89037.011596
1523860961604,510.65,90312.466872
1523860962529,510.83,100527.956197
1523860963474,510.76,100679.549765
1523860964469,510.53,100857.622629
1523860965957,510.53,100857.622629
1523860966637,510.43,102294.966511
1523860966725,510.43,102534.51131
1523860967713,510.43,104003.835108
1523860970821,510.43,104003.835108
1523860971503,510.74,104424.091292
1523860973606,510.63,104776.272803
1523860975382,510.85,107841.214623
1523860975767,510.48,108137.854551
1523860975854,510.48,108137.854551
1523860976877,510.48,108762.120543
1523860977567,510.85,109119.713242
1523860979409,510.36,109400.972638
1523860981110,510.36,109400.972638
1523860981399,510.6,10211.97064
1523860982921,510.58,10305.50064
1523860984457,510.44,10709.973296
1523860985953,510.44,10709.973296
1523860989558,510.44,10790.878036
1523860990944,510.51,20183.751526
1523860991034,510.51,20183.751526
1523860992476,510.58,20379.453334
1523860993527,510.57,20460.327622
1523860995720,510.83,20587.992917
1523860995963,510.83,20587.992917
1523860996673,510.57,20604.126929
1523860997553,510.57,20908.222421
1523861000820,510.47,21006.998366
1523861000825,510.47,21006.998366
1523861001546,510.47,21088.214143
1523861002397,510.35,25790.797663
1523861003908,510.57,27526.071922
1523861005827,510.57,27526.071922
1523861006644,510.57,28930.134042
1523861007453,510.56,28939.324122
1523861008455,510.45,39148.324122
1523861010904,510.45,39148.324122
1523861011565,510.3,39752.965822
1523861013479,510.28,40377.569014
1523861015834,510.28,40377.569014
1523861018463,510.28,40572.802142
1523861020827,510.28,40572.802142
1523861022577,510.06,54250.763158
1523861024546,510.06,55302.506878
1523861026284,510.06,55302.506878
1523861030582,510.3,58121.761288
1523861030839,510.3,58121.761288
1523861032709,510.3,59379.446668
1523861035846,510.3,59379.446668
1523861039316,510.3,60892.537198
1523861041110,510.3,60892.537198
1523861043462,510.3,6115.23108
1523861043539,510.3,6961.30848
1523861045421,510.39,17168.086224
1523861045839,510.39,17168.086224
1523861048484,510.39,19720.036224
1523861049774,510.32,20267.660616
1523861050822,510.39,23512.924392
1523861050910,510.39,23512.924392
1523861055715,510.43,33721.524392
1523861055988,510.43,33721.524392
1523861057710,510.5,34247.330101
1523861060846,510.5,34247.330101
1523861060935,510.45,34345.234411
1523861064729,510.29,36891.704448
1523861065843,510.29,36891.704448
1523861070849,510.29,36891.704448
1523861071604,510.5,40277.365843
1523861075836,510.52,41788.281643
1523861075869,510.52,41788.281643
1523861077453,510.82,42030.205995
1523861077563,510.71,52244.405995
1523861078480,510.6,52558.629235
1523861080913,510.6,52558.629235
1523861084711,510.6,52622.454235
1523861085963,510.6,52622.454235
1523861086324,510.6,52665.753115
1523861087470,510.6,52734.224575
1523861088995,510.6,52770.885655
1523861089655,510.85,53777.641365
1523861090598,510.85,54379.320495
1523861090920,510.85,54379.320495
1523861093226,510.85,65519.814445
1523861094791,510.68,65529.159889
1523861095923,510.68,65529.159889
1523861096338,510.85,65784.584889
1523861096917,510.99,69376.973619
1523861097600,510.99,69397.413219
1523861097799,510.99,69417.852819
1523861098339,510.99,69427.561629
1523861098804,510.99,69488.880429
1523861099282,510.99,69529.759629
1523861099697,510.99,69558.83496
1523861100921,510.99,69626.694432
1523861101105,510.99,69626.694432
1523861102458,510.99,8.68683
1523861102927,510.99,582.7795437530586
1523861104523,510.94,590.4436437530586
1523861105608,510.99,599.2326717530586
1523861105705,510.94,721.2962377530587
1523861105921,510.94,721.2962377530587
1523861106492,510.94,726.4056377530586
1523861107615,510.94,833.4475677530586
1523861108465,510.99,2110.5238337530586
1523861110919,510.99,2110.5238337530586
1523861111536,510.76,4342.755911753058
1523861111936,510.76,4747.226755753059
1523861113705,510.83,14963.826755753058
1523861116025,510.83,14963.826755753058
1523861117267,510.76,15046.110191753058
1523861118820,510.84,15128.406515753059
1523861120912,510.83,22813.12870375306
1523861120930,510.83,22813.12870375306
1523861121526,510.91,22939.37456475306
1523861122789,510.76,23245.779488753058
1523861123788,511.0,24957.21238266399
1523861125927,511.0,24957.21238266399
1523861126369,511.0,26788.02318266399
1523861130919,511.0,26788.02318266399
1523861131362,511.0,30208.523854663992
1523861132529,510.76,30545.72760666399
1523861133545,510.88,40763.327558663994
1523861135979,510.88,40763.327558663994
1523861138323,510.66,40783.75395866399
1523861138514,510.66,41420.24058266399
1523861140608,510.6,41537.27010266399
1523861140843,510.6,41680.23810266399
1523861141030,510.6,41680.23810266399
1523861142934,510.6,41930.22786266399
1523861143471,510.34,42433.85273466399
1523861145997,510.34,42433.85273466399
1523861148484,510.63,52646.45273466399
1523861148543,510.43,52797.540014663995
1523861150440,510.47,52917.50046466399
1523861150920,510.83,52977.25046466399
1523861150988,510.83,52977.25046466399
1523861151791,510.95,53170.15504064465
1523861151902,510.45,54101.113750644654
1523861154320,510.92,54325.80375064465
1523861154554,510.92,54754.76375064465
1523861154796,510.71,63816.90413264465
1523861155899,510.36,65245.69628864465
1523861156018,510.36,65245.69628864465
1523861156543,510.35,65449.96628864465
1523861156785,510.35,67449.97690364465
1523861157389,510.35,69449.98751864464
1523861157580,510.35,69881.95751864465
1523861157814,510.35,70779.20385364465
1523861158376,510.35,71004.77855364465
1523861158690,510.35,71585.61111864465
1523861159217,510.35,71715.18898364465
1523861159720,510.35,72087.38723864465
1523861160730,510.35,72467.74549364464
1523861160735,510.35,405.131545
1523861160809,510.82,494.218553
1523861161028,510.82,494.218553
1523861161518,510.8,1164.081673
1523861162442,510.93,1576.246088
1523861162526,510.95,1769.17381
1523861165843,510.93,2564.129797
1523861166023,510.93,2564.129797
1523861166451,510.77,12779.569909
1523861166609,510.93,13059.742086
1523861167446,510.6,14456.683496
1523861168380,510.81,14742.226286
1523861170819,510.81,15037.241317
1523861171029,510.81,15037.241317
1523861172292,510.89,15397.623123
1523861174730,510.92,22259.636367
1523861174953,510.93,22293.153375
1523861176061,510.93,22293.153375
1523861178758,510.89,22761.588416
1523861179208,510.89,23066.334301
1523861181041,510.89,23066.334301
1523861182654,510.89,25737.182865
1523861182692,510.89,25855.658256
1523861183742,510.89,27758.059349
1523861184294,510.89,30637.486478
1523861184418,510.56,32539.707924768296
1523861184948,510.56,32829.99661930185
1523861185578,510.56,33227.21229930185
1523861186031,510.56,33227.21229930185
1523861186893,510.56,34032.56964330185
1523861190628,510.49,44242.36964330185
1523861190671,510.56,44772.02458730185
1523861191028,510.56,44772.02458730185
1523861192746,510.56,45661.93066730185
1523861194549,510.56,46199.14189930185
1523861196037,510.56,46199.14189930185
1523861198375,510.56,47190.087832768295
1523861198891,510.6,48542.156632768296
1523861201044,510.6,48542.156632768296
1523861202474,510.58,58753.756632768294
1523861202596,510.6,58759.577472768295
1523861203429,510.6,59044.5433327683
1523861203460,510.56,59146.297940768294
1523861203550,510.6,59187.1459407683
1523861203769,510.6,59656.89794076829
1523861204470,510.6,60983.0282607683
1523861204612,510.6,61233.01802076829
1523861204664,510.6,61483.0077807683
1523861204676,510.6,61732.997540768294
1523861204756,510.6,61982.9873007683
1523861204772,510.6,62232.977060768295
1523861205896,510.6,62268.412369768295
1523861206048,510.6,62268.412369768295
1523861208461,510.89,63572.833509768294
1523861210793,510.62,72120.6123097683
1523861211037,510.62,72120.6123097683
1523861216049,510.62,72120.6123097683
1523861216396,510.76,79201.4824937683
1523861220639,510.64,1.174472
1523861221044,510.64,1.174472
1523861223379,510.89,517.883618
1523861223512,510.68,644.532258
1523861225721,510.75,746.682258
1523861226052,510.75,746.682258
1523861226436,510.75,761.749383
1523861226891,510.68,1012.544331
1523861227536,510.64,1036.901859
1523861228853,510.56,2420.003595
1523861228888,510.56,2420.0389295335553
1523861231043,510.56,2420.0389295335553
1523861232581,510.31,16213.699739533555
1523861234455,510.29,16341.272239533555
1523861235881,510.28,16433.173667533556
1523861236087,510.28,16433.173667533556
1523861236916,510.22,26637.573667533554
1523861237735,510.17,26893.168837533554
1523861239458,510.31,27186.076757533556
1523861241481,510.31,27186.076757533556
1523861241622,510.17,27288.110757533555
1523861241675,510.3,27380.015787533557
1523861244708,510.1,41816.35588753356
1523861245533,510.0,42263.82988753355
1523861246373,510.0,42773.82988753355
1523861246416,510.0,42773.82988753355
1523861246450,510.0,42996.29188753355
1523861250798,510.1,56926.071877533555
1523861251415,510.1,56926.071877533555
1523861256446,510.1,56926.071877533555
1523861256520,510.15,63839.165542533556
1523861259738,510.1,64877.321062533556
1523861260497,509.96,67631.27398253356
1523861261554,509.96,67631.27398253356
1523861261594,510.01,67639.28113953356
1523861264441,509.89,68015.63094853355
1523861266639,509.89,68015.63094853355
1523861268849,510.0,68079.38094853355
1523861271480,510.0,68079.38094853355
1523861271609,510.0,68096.36394853356
1523861271745,509.95,78295.36394853356
1523861274373,510.0,78622.63094853355
1523861275953,510.3,79998.02526953355
1523861276416,510.3,79998.02526953355
1523861277365,510.3,80325.48477953355
1523861280916,510.17,10203.4
1523861281436,510.17,10203.4
1523861284421,510.3,10347.55975
1523861286427,510.3,10347.55975
1523861287624,510.19,19870.562214
1523861291427,510.19,19870.562214
1523861292489,510.81,19874.546532
1523861293585,510.5,20703.700632
1523861294903,510.52,21045.749032
1523861296921,510.52,21045.749032
1523861298369,510.58,28140.20313
1523861299428,510.5,28486.47528
1523861301610,510.5,28486.47528
1523861303395,510.52,28954.417912
1523861304342,510.52,29900.819888
1523861305410,510.52,29961.265456
1523861306521,510.52,29961.265456
1523861307380,510.52,30219.282264
1523861311532,510.52,30219.282264
1523861313494,510.52,31522.895084
1523861314499,510.52,34586.015084
1523861316514,510.52,34586.015084
1523861317828,510.52,34761.072392
1523861319439,510.5,34773.324438
1523861319721,510.55,44984.324438
1523861321531,510.55,44984.324438
1523861321532,510.31,45501.251206
1523861322477,510.6,45653.307886
1523861324495,510.6,45823.439806
1523861326553,510.6,45823.439806
1523861327941,510.6,50323.204426
1523861330592,510.6,55429.204426
1523861331824,510.6,55429.204426
1523861336375,510.72,65643.604426
1523861336539,510.72,65643.604426
1523861337681,510.9,76142.3822
1523861341473,510.64,412.24476
1523861341523,510.64,412.24476
1523861344439,510.56,422.45596
1523861345652,510.49,732.476537
1523861346481,510.49,732.782831
1523861346534,510.49,732.782831
1523861347282,510.57,8894.569145
1523861351559,510.57,8894.569145
1523861351706,510.48,8917.746537
1523861356535,510.48,8917.746537
1523861359339,510.45,9269.650767
1523861359696,510.37,16217.827947
1523861361888,510.37,16217.827947
1523861366750,510.37,16217.827947
1523861371788,510.37,16217.827947
1523861375807,510.42,16314.909831
1523861376823,510.42,16314.909831
1523861378417,510.3,20217.717191
1523861378474,510.36,26634.057219
1523861381752,510.36,26634.057219
1523861385631,510.3,27430.941699
1523861385806,510.31,33490.158115
1523861386420,510.19,36507.304918
1523861386759,510.19,36507.304918
1523861389698,510.21,36517.049929
1523861391356,510.19,37093.564629
1523861391759,510.19,37093.564629
1523861393206,510.19,37817.524239
1523861394707,510.29,37897.996972
1523861395771,510.36,39111.377872
1523861396582,510.36,39515.838172
1523861396745,510.36,39920.298472
1523861396759,510.36,39920.298472
1523861397369,510.36,40729.219072
1523861397779,510.36,46804.850728
1523861398722,510.36,47424.478804
1523861398756,510.36,57986.611628
1523861400755,510.36,58758.480092
1523861401778,510.36,58758.480092
1523861405636,510.58,768.4229
1523861406405,510.59,4383.042687
1523861406757,510.59,4383.042687
1523861406781,510.36,4485.012615
1523861407462,510.57,4486.186926
1523861407808,510.36,4945.20471
1523861411782,510.36,4945.20471
1523861412763,510.36,6338.254842
1523861414496,510.36,6454.157598
1523861415808,510.49,7926.410758
1523861416860,510.49,7926.410758
1523861421343,510.58,7986.506024
1523861421885,510.58,7986.506024
1523861425565,510.36,8445.683522
1523861426883,510.36,8445.683522
1523861431499,510.46,12026.96879
1523861431885,510.46,12026.96879
1523861431914,510.41,12118.791549
1523861435539,510.41,13008.640343
1523861436871,510.41,13008.640343
1523861438912,510.41,13102.862395
1523861439458,510.52,13424.132631
1523861440770,510.46,20371.379456
1523861441863,510.46,20371.379456
1523861442622,510.46,21409.144636
1523861446874,510.46,21409.144636
1523861447826,510.41,21906.963919
1523861449375,510.59,24632.289103
1523861451879,510.59,24632.289103
1523861455616,510.52,27713.815387
1523861456868,510.52,27713.815387
1523861456915,510.56,37925.015387
1523861461913,510.56,37925.015387
1523861466720,510.56,0.0
1523861466844,510.56,0.0
1523861466880,510.56,0.0
1523861470656,510.57,102.165057
1523861470681,510.6,253.756644
1523861471882,510.6,253.756644
1523861475832,510.63,410.162067
1523861476966,510.63,410.162067
1523861477400,510.56,632.613059
1523861478723,510.6,1410.665339
1523861480355,510.6,1998.212759
1523861481880,510.6,1998.212759
1523861481913,510.6,3796.341719
1523861482600,510.56,3948.999159
1523861483621,510.56,4051.060103
1523861484698,510.56,4084.859175
1523861485688,510.56,4263.720321
1523861485839,510.56,4440.680417
1523861486472,510.56,4617.640513
1523861486879,510.56,4617.640513
1523861491889,510.56,4617.640513
1523861493774,510.6,4704.187213
1523861495939,510.6,4964.184733
1523861496305,510.6,5203.554013
1523861496893,510.6,5203.554013
1523861497418,510.6,5907.722473
1523861497764,510.61,16119.922473
1523861498534,510.6,18772.183113
1523861501544,510.6,18774.480813
1523861501881,510.6,18774.480813
1523861503190,510.63,18799.859124
1523861503582,510.6,20414.022716
1523861504932,510.62,20818.53588
1523861506353,510.6,20827.98198
1523861506582,510.6,20916.77532
1523861506889,510.6,20916.77532
1523861508818,510.6,21831.87264
1523861509789,510.61,22246.385838
1523861511888,510.61,22246.385838
1523861516446,510.88,22671.065548
1523861516899,510.88,22671.065548
1523861521516,510.89,161.645596
1523861521876,510.89,323.291192
1523861521893,510.89,484.936788
1523861521906,510.89,484.936788
1523861522719,510.89,646.582384
1523861523435,510.89,1651.094302
1523861523477,510.89,2655.60622
1523861526541,510.89,2817.251816
1523861526922,510.89,2817.251816
1523861527411,511.0,26622.260421325274
1523861530355,510.91,36840.460421325275
1523861532275,510.91,36840.460421325275
1523861536889,510.91,36840.460421325275
1523861537845,511.09,90536.30323035535
1523861538368,511.0,106189.14119735535
1523861539348,511.08,107439.65174135535
1523861541895,511.08,107439.65174135535
1523861543471,511.2,116196.50998135535
1523861544423,511.49,120803.92866235535
1523861544630,511.22,120938.78849835535
1523861544730,511.22,121073.64833435536
1523861545557,511.22,121208.50817035534
1523861545627,511.14,124198.39341635535
1523861546468,511.07,127260.28359235535
1523861546718,511.0,130862.79670235535
1523861546924,511.0,130862.79670235535
1523861547445,511.0,133924.19770235536
1523861547529,511.0,140046.99970235536
1523861548124,511.11,140135.98395335535
1523861551903,511.11,140135.98395335535
1523861554935,511.08,141006.91538135536
1523861556195,511.11,142029.13538135536
1523861556621,511.09,152250.93538135535
1523861556920,511.09,152250.93538135535
1523861558686,511.08,155312.82522935534
1523861559303,511.08,155827.12503335535
1523861561898,511.08,155827.12503335535
1523861563671,511.49,157700.15160635536
1523861565666,511.08,158013.23921435536
1523861565899,511.08,158086.32365435534
1523861566300,511.08,158399.41126235534
1523861566462,511.11,158712.51724835535
1523861566899,511.11,158712.51724835535
1523861567900,511.11,159610.23085235534
1523861571767,511.11,159797.50155635536
1523861571907,511.11,159797.50155635536
1523861572748,511.13,170106.23816235535
1523861573553,511.49,170206.28560635535
1523861576551,511.49,170369.39976735535
1523861576905,511.49,170369.39976735535
1523861581923,511.49,170369.39976735535
1523861582477,511.34,91.990066
1523861584420,511.38,296.030686
1523861586915,511.38,296.030686
1523861588538,511.16,8678.836355
1523861589540,511.16,9938.232363
1523861591921,511.16,9938.232363
1523861592768,511.16,10040.566595
1523861596914,511.16,10040.566595
1523861598639,511.25,10189.953845
1523861600461,511.2,10261.521845
1523861601386,511.27,18295.395409
1523861601907,511.27,18295.395409
1523861606541,511.2,18373.046689
1523861606951,511.2,18373.046689
1523861608706,511.26,18500.860837
1523861609490,511.26,18682.818271
1523861609959,511.19,21370.127472
1523861611328,511.19,25187.745511
1523861611422,511.19,28599.938761
1523861611911,511.19,28599.938761
1523861613468,511.16,31451.654323
1523861616577,511.21,41812.896319
1523861616998,511.21,41812.896319
1523861621966,511.21,41812.896319
1523861623824,511.16,48654.673261
1523861625601,511.16,52754.738737
1523861626957,511.16,52754.738737
1523861627699,511.17,54032.663737
1523861630624,511.16,70154.138977
1523861630811,511.17,70250.18782
1523861631954,511.17,70250.18782
1523861633494,511.15,72354.120377
1523861633683,511.17,72537.42917079
1523861634734,511.17,73631.57733779
1523861635450,511.11,73744.63486979
1523861636986,511.11,73744.63486979
1523861637440,511.1,73859.88791979
1523861637457,511.0,78553.62975275992
1523861640748,510.85,88770.62975275992
1523861640826,510.72,373.84704
1523861641766,510.61,665.303228
1523861642091,510.61,665.303228
1523861642489,510.71,849.005615
1523861643482,510.61,3022.672385
1523861643532,510.52,19932.280283
1523861643789,510.79,22986.971315
1523861644495,510.6,26383.993115
1523861645656,510.59,26578.170492
1523861645811,510.59,30323.143906
1523861646682,510.52,31582.596746
1523861646970,510.52,31582.596746
1523861649527,510.57,31586.579192
1523861651386,510.04,31836.031416
1523861651765,510.57,32121.440046
1523861652034,510.57,32121.440046
1523861655947,510.41,32406.759236
1523861656977,510.41,32406.759236
1523861658372,510.57,37995.8289
1523861658389,510.58,38528.261724
1523861661973,510.58,38528.261724
1523861662682,510.68,38795.858044
1523861666985,510.68,38795.858044
1523861667449,510.24,38999.954044
1523861668530,510.9,39881.606174
1523861669294,510.9,40149.316124
1523861670597,510.24,40385.770967
1523861671420,510.56,50596.970967
1523861671979,510.56,50596.970967
1523861674453,510.22,55458.836628
1523861676630,510.22,55733.845208
1523861676991,510.22,55733.845208
1523861677339,510.2,55920.731468
1523861678462,510.19,56305.924918
1523861678978,510.19,58015.775684
1523861679871,510.1,58287.914034
1523861680422,510.1,58334.231114
1523861680550,510.1,58536.740814
1523861681702,510.1,58597.187664
1523861681981,510.1,58597.187664
1523861683540,510.1,63116.775684
1523861684337,510.19,63218.864703
1523861685706,510.11,63370.367373
1523861686990,510.11,63370.367373
1523861687918,510.11,63388.833355
1523861691989,510.11,63388.833355
1523861692540,510.12,70946.385402
1523861693418,510.9,83696.08453902
1523861693467,510.21,83810.62668402
1523861693522,510.22,84044.46051002
1523861696989,510.22,84044.46051002
1523861698765,510.11,84742.29099002
1523861699689,510.11,85160.94099002
1523861700517,510.0,10200.0
1523861701998,510.0,10200.0
1523861705455,509.9,10215.297
1523861707006,509.9,10215.297
1523861708108,510.11,10220.3981
1523861711999,510.11,10220.3981
1523861712219,510.11,12315.623914
1523861716492,510.0,22515.623914
1523861717000,510.0,22515.623914
1523861720728,510.11,23042.550679
1523861722016,510.11,23042.550679
1523861723225,509.96,23167.185728
1523861726759,510.11,23680.101333
1523861727002,510.11,23680.101333
1523861727308,509.9,23740.983393
1523861727626,509.9,26701.503953
1523861729554,510.02,26963.399223
1523861732147,510.02,26963.399223
1523861737294,510.02,26963.399223
1523861737511,510.06,37164.599223
1523861742004,510.06,37164.599223
1523861744331,510.11,38170.434121
1523861745606,510.07,45330.898795
1523861747008,510.07,45330.898795
1523861747515,510.03,45692.153044
1523861748408,510.03,46202.153044
1523861752012,510.03,46202.153044
1523861753538,510.03,46207.253344
1523861753726,510.01,46323.637626
1523861754738,510.03,46374.130596
1523861756541,510.01,46448.643057
1523861756777,510.01,46448.745059
1523861757012,510.01,46448.745059
1523861758834,510.02,46550.749059
1523861760711,510.02,46664.636525
1523861762018,510.02,46664.636525
1523861763377,510.22,6987.513922
1523861763876,510.04,7016.535198
1523861764655,510.04,7021.635598
1523861765370,510.04,7050.656874
1523861765975,510.06,7079.679288
1523861766557,510.43,7812.605725
1523861766776,510.46,7914.748771
1523861767074,510.46,7914.748771
1523861767438,510.3,7931.486611
1523861767615,510.06,8443.075835
1523861768234,510.63,9443.910635
1523861770690,510.94,10013.881775
1523861771343,510.64,10253.627255
1523861771545,510.64,10418.819295
1523861772114,510.64,10418.819295
1523861772400,510.66,11843.458563
1523861772753,510.94,12370.850831
1523861774270,510.98,12473.097929
1523861777012,510.98,12473.097929
1523861781575,510.95,12687.134884
1523861781682,510.75,12763.747384
1523861782025,510.75,12763.747384
1523861783559,510.83,22980.347384
1523861787022,510.83,22980.347384
1523861789552,510.81,22983.105758
1523861792022,510.81,22983.105758
1523861793563,510.77,28905.124081
1523861797023,510.77,28905.124081
1523861800377,510.77,29160.406927
1523861800777,511.0,31078.074652
1523861801677,511.03,31483.065927
1523861801690,511.03,31888.057202
1523861802020,511.03,31888.057202
1523861802296,511.03,32869.439214
1523861803591,510.77,35934.77203
1523861807020,510.77,35934.77203
1523861810588,511.05,46155.77203
1523861811503,511.01,46231.40151
1523861812041,511.01,46231.40151
1523861812540,510.89,46339.097122
1523861817041,510.89,46339.097122
1523861818883,510.77,46708.281678
1523861820753,510.77,76.6155
1523861822056,510.77,76.6155
1523861822895,510.63,181.958469
1523861827038,510.63,181.958469
1523861827894,510.77,284.112469
1523861828863,510.63,7024.123855
1523861829601,510.59,7279.878386
1523861830659,510.33,7379.701509
1523861830729,510.58,7476.609593
1523861831335,510.3,8895.390992
1523861832032,510.3,8895.390992
1523861836494,510.02,20719.716345
1523861837056,510.02,20719.716345
1523861839556,510.09,20766.89967
1523861840479,510.05,22229.48647
1523861840852,510.07,22438.207114
1523861842039,510.07,22438.207114
1523861847032,510.07,22438.207114
1523861848887,510.49,22522.744258
1523861852040,510.49,22522.744258
1523861854541,510.03,27549.349059
1523861855604,510.03,28404.159339
1523861856846,510.03,29395.657659
1523861857040,510.03,29395.657659
1523861857460,510.03,29793.481059
1523861858378,510.27,39998.881059
1523861862036,510.27,39998.881059
1523861867049,510.27,39998.881059
1523861872036,510.27,39998.881059
1523861872923,510.36,47241.552927
1523861874591,510.32,47344.484471
1523861877049,510.32,47344.484471
1523861878403,510.3,47548.604471
1523861878635,510.3,47752.724471
1523861880712,510.3,47956.844471
1523861882052,510.3,47956.844471
1523861883749,510.01,1601.833398
1523861884431,510.01,1641.869183
1523861885925,510.3,9939.790028
1523861887158,510.3,9939.790028
1523861892160,510.3,9939.790028
1523861894499,510.32,9975.05314
1523861895740,510.22,10124.190446
1523861897206,510.22,10124.190446
1523861899870,510.1,20326.190446
1523861900722,510.2,20428.281466
1523861901808,510.0,20581.485466
1523861902167,510.0,20581.485466
1523861902637,510.0,20877.744466
1523861904456,510.17,20979.829483
1523861907165,510.17,20979.829483
1523861907941,510.0,31558.858283
1523861909175,510.0,34007.532759
1523861912171,510.0,34007.532759
1523861917164,510.0,34007.532759
1523861918563,509.98,34396.596501
1523861919337,509.98,34764.547071
1523861920470,509.93,39898.369332
1523861922171,509.93,39898.369332
1523861925658,510.0,43390.38234
1523861927162,510.0,43390.38234
1523861927920,510.0,46469.6249
1523861928430,509.93,56668.2249
1523861932178,509.93,56668.2249
1523861933948,510.0,57178.2249
1523861937168,510.0,57178.2249
1523861937454,509.89,57242.369062
1523861942168,509.89,57242.369062
1523861944562,509.89,8047.661167
1523861946667,509.88,16438.254262
1523861947165,509.88,16438.254262
1523861947671,509.76,16530.062038
1523861949426,509.74,17481.593696
1523861951332,509.74,17535.269318
1523861952163,509.74,17535.269318
1523861952945,509.69,27729.089843
1523861954298,509.62,28834.63114
1523861957170,509.62,28834.63114
1523861962169,509.62,28834.63114
1523861963502,509.78,28926.442518
1523861964562,509.8,30778.953758
1523861964899,509.8,32012.057998
1523861965289,509.8,45347.049538
1523861965696,509.8,61451.631538
1523861965792,509.8,61500.113518
1523861966794,509.8,71533.079478
1523861967174,509.8,71533.079478
1523861967296,510.4,73238.674012
1523861967456,511.07,74768.854012
1523861968429,511.05,74972.744012
1523861969617,511.04,75176.644012
1523861971470,510.27,75186.237088
1523861972477,510.27,75186.237088
1523861972885,511.08,75390.127088
1523861972906,511.08,75977.899628
1523861973528,511.1,76725.623989
1523861974753,511.0,76738.423989
1523861974801,511.0,77712.900989
1523861975587,511.0,87203.766589
1523861975895,511.0,87735.871889
1523861977170,511.0,87735.871889
1523861977362,510.93,97954.471889
1523861978180,511.0,103645.478889
1523861978324,511.0,105680.945189
1523861982185,511.0,105680.945189
1523861982373,511.04,119889.213354
1523861982377,510.86,121375.5733433268
1523861982466,511.25,122355.98978432681
1523861983170,511.1,122376.42978432681
1523861984495,511.1,122396.86978432682
1523861984605,510.86,123882.80826632681
1523861986434,511.08,124087.2382663268
1523861986505,511.08,124291.67026632681
1523861987167,510.87,124690.1481793268
1523861987180,510.87,124690.1481793268
1523861989506,511.21,125700.37294809631
1523861990535,511.23,125904.85961545962
1523861991531,511.08,126109.29161545962
1523861992175,511.08,126109.29161545962
1523861992448,510.94,126392.19909345961
1523861992731,510.92,126494.53636945962
1523861994822,510.93,126713.31887645961
1523861997188,510.93,126713.31887645961
1523861998584,510.98,137050.16534145962
1523861999510,510.82,137824.5947774596
1523862000794,510.82,101.90859
1523862001858,510.8,204.068596
1523862002304,510.8,204.068596
1523862004397,510.94,262.520132
1523862004930,510.85,466.860132
1523862006438,510.85,504.867372
1523862007179,510.85,504.867372
1523862007800,510.86,816.074444
1523862012183,510.86,816.074444
1523862012533,510.77,1272.192054
1523862017181,510.77,1272.192054
1523862017690,510.83,1311.730296
1523862017765,510.83,1458.083091
1523862021552,510.64,2340.599844
1523862022196,510.64,2340.599844
1523862027193,510.64,2340.599844
1523862032195,510.64,2340.599844
1523862037187,510.64,2340.599844
1523862039320,509.98,5401.293433
1523862042191,509.98,5401.293433
1523862043448,510.58,5421.223433
1523862046737,510.46,15630.423433
1523862047272,510.46,15630.423433
1523862051746,510.41,15644.816995
1523862052200,510.41,15644.816995
1523862053446,509.99,16078.433675
1523862053750,510.34,16233.015661
1523862056922,510.32,16333.038381
1523862057197,510.32,16333.038381
1523862061519,510.28,100.01488
1523862062193,510.28,100.01488
1523862067202,510.28,100.01488
1523862067487,510.3,10416.616614
1523862068617,510.3,10620.706614
1523862070448,510.3,10655.966614
1523862071683,510.3,10824.816614
1523862071907,510.3,12655.824044
1523862072195,510.3,12655.824044
1523862074459,510.3,13427.397644
1523862076009,510.3,13478.427644
1523862076543,510.22,13493.734244
1523862077201,510.22,13493.734244
1523862078415,510.3,16045.234244
1523862078561,510.3,16048.804244
1523862082227,510.3,16048.804244
1523862082276,510.21,16141.560422
1523862084646,510.3,27602.297412
1523862086596,510.22,27658.013436
1523862087212,510.22,27658.013436
1523862089883,510.21,28168.742554
1523862090649,510.08,29063.792234
1523862091504,510.21,29132.192234
1523862091810,510.21,29200.732598
1523862092211,510.21,29200.732598
1523862092539,510.3,29269.132598
1523862097219,510.3,29269.132598
1523862102211,510.3,29269.132598
1523862103265,510.26,39205.374552
1523862107220,510.26,39205.374552
1523862108455,510.23,39307.420552
1523862108817,509.87,42022.680425
1523862109595,509.87,42072.39275
1523862109601,509.92,43147.55907
1523862109872,510.23,43685.27907
1523862110477,510.3,45083.76552587282
1523862110562,510.3,45621.62172587282
1523862111319,510.18,45836.89283587282
1523862111452,510.3,46387.24640387282
1523862111565,510.3,46641.00997187282
1523862112201,510.3,46641.00997187282
1523862112469,510.3,46844.979971872825
1523862113400,510.3,47048.94997187282
1523862113434,510.3,47253.02997187282
1523862113755,510.24,57457.82997187282
1523862114577,510.3,57847.80123187282
1523862114612,510.3,59379.48123187282
1523862114774,509.8,60698.84253487282
1523862115681,510.3,61079.21253487282
1523862116412,510.3,62526.13253487282
1523862117206,510.3,62526.13253487282
1523862119688,510.3,64237.45253487282
1523862120629,510.24,512.95
1523862121420,510.22,555.8
1523862121829,510.22,10800.05848
1523862122203,510.22,10800.05848
1523862122468,510.22,10872.53848
1523862123402,510.3,11076.56848
1523862123700,510.3,11112.80848
1523862124349,510.3,11337.23848
1523862124724,510.3,11373.47848
1523862125908,510.3,11409.71848
1523862126378,510.3,11838.17848
1523862127216,510.3,11838.17848
1523862127343,510.3,11960.19848
1523862127938,510.3,12164.20848
1523862128372,510.3,12225.46848
1523862130446,510.27,14845.97466
1523862130766,510.27,15270.00903
1523862131477,510.27,15566.4759
1523862131483,510.27,15770.5159
1523862131873,510.27,17302.1059
1523862132211,510.27,17302.1059
1523862132820,510.3,17728.715167718266
1523862132877,510.24,27159.430063718268
1523862133521,510.3,27381.393063718268
1523862137210,510.3,27381.393063718268
1523862138434,510.26,32351.62042371827
1523862138910,510.63,42919.115323127175
1523862139725,510.31,43132.196779127175
1523862140460,510.3,43267.78368912718
1523862141211,510.31,43272.88678912718
1523862142212,510.31,43272.88678912718
1523862142459,510.3,43906.70760284059
1523862142904,510.3,43910.7900028406
1523862143455,510.31,44114.8800028406
1523862145901,510.31,44318.90000284059
1523862147379,510.31,44318.90000284059
1523862147530,510.31,44523.020002840596
1523862150621,510.31,44723.4300028406
1523862152363,510.31,44723.4300028406
1523862155850,510.62,45227.4346198406
1523862156427,510.26,55432.634619840595
1523862156911,510.3,55566.84351984059
1523862157165,510.62,55611.267459840594
1523862157375,510.62,55611.267459840594
1523862158356,510.62,55815.307459840595
1523862161468,510.45,56004.78649984059
1523862161489,510.45,56208.826499840594
1523862161582,510.45,56433.3464998406
1523862162375,510.45,56433.3464998406
1523862162802,510.62,56637.3864998406
1523862163586,510.39,56914.2220358406
1523862163763,510.42,65678.0313518406
1523862164439,510.39,65715.8512508406
1523862164696,510.62,66342.3340188406
1523862167371,510.62,66342.3340188406
1523862171522,510.63,67225.2239288406
1523862172378,510.63,67225.2239288406
1523862177380,510.63,67225.2239288406
1523862178738,510.4,74640.3661688406
1523862182375,510.4,74640.3661688406
1523862183945,510.58,190.548456
1523862187379,510.58,190.548456
1523862188450,510.46,4285.050208
1523862192387,510.46,4285.050208
1523862195787,510.46,8429.57704
1523862197430,510.46,8429.57704
1523862197488,510.63,11164.970887
1523862200319,510.63,14780.486602
1523862202383,510.63,14780.486602
1523862202791,510.63,16386.162637
1523862204592,510.8,23573.958039897792
1523862207384,510.8,23573.958039897792
1523862208474,510.8,23589.588519897792
1523862210919,510.71,33803.7885198978
1523862212407,510.71,33803.7885198978
1523862217390,510.71,33803.7885198978
1523862219356,510.71,40100.545069897795
1523862221545,510.8,40611.855869897794
1523862221564,510.8,41071.882349897794
1523862222397,510.8,41071.882349897794
1523862227402,510.8,41071.882349897794
1523862228921,510.68,41155.276393897795
1523862229488,510.68,41201.18652589779
1523862230511,510.79,42207.32086789779
1523862232395,510.79,42207.32086789779
1523862237057,510.8,42540.771107897795
1523862237401,510.8,42540.771107897795
1523862238536,510.78,42559.26134389779
1523862238755,510.78,42577.75157989779
1523862238889,510.71,52750.76129189779
1523862241508,510.8,5019.885914
1523862241936,510.8,5059.921699
1523862242427,510.8,5059.921699
1523862247418,510.8,5059.921699
1523862251422,510.78,5062.679911
1523862252402,510.78,5062.679911
1523862254856,510.76,8165.955519
1523862255897,510.74,8241.647187
1523862257469,510.74,8241.647187
1523862259744,510.71,18455.847187
1523862262416,510.71,18455.847187
1523862262564,510.73,18573.315087
1523862265513,510.73,18833.276657
1523862266151,510.63,18833.83835
1523862267404,510.63,18833.83835
1523862267617,510.63,18848.595557
1523862271419,510.75,18879.592863
1523862272361,510.75,18883.678863
1523862272401,510.75,18883.678863
1523862275697,510.78,18945.994023
1523862276377,510.78,18990.942663
1523862277359,510.78,19024.654143
1523862277405,510.78,19024.654143
1523862278631,510.78,26769.886869
1523862279538,510.78,26785.210269
1523862280584,510.72,26790.317469
1523862281290,510.72,26800.531869
1523862282416,510.72,26800.531869
1523862283489,510.72,26810.746269
1523862283512,510.72,26815.853469
1523862287405,510.72,26815.853469
1523862287486,510.72,27219.169053
1523862291401,510.56,27222.896141
1523862292417,510.56,27222.896141
1523862293602,510.7,27432.742771
1523862295520,510.56,28190.771203
1523862295632,510.56,28542.853379
1523862296771,510.56,29482.028499
1523862297407,510.56,29482.028499
1523862297417,510.63,37016.933721
1523862297421,510.22,37574.349071
1523862297569,510.22,38182.072113
1523862298483,510.63,38200.453393
1523862298630,510.67,38211.687561
1523862299886,510.67,38212.708901
1523862302418,510.67,38212.708901
1523862307418,510.67,38212.708901
1523862307663,510.37,7090.366262
1523862312409,510.37,7090.366262
1523862317412,510.37,7090.366262
1523862322413,510.37,7090.366262
1523862324396,510.4,7115.886262
1523862324418,510.4,7178.155062
1523862325398,510.37,11443.470263
1523862325660,510.4,11468.990263
1523862326733,510.34,11627.910139
1523862326755,510.4,11654.450939
1523862327374,510.4,11661.086139
1523862327424,510.4,11661.086139
1523862327905,510.63,13850.863939
1523862328482,510.63,13855.970239
1523862328523,510.63,13861.076539
1523862328925,510.42,13866.180739
1523862329319,510.37,14011.891374
1523862330903,510.42,15019.10316
1523862331487,510.29,15024.20606
1523862331505,510.29,15029.30896
1523862331876,510.29,15034.41186
1523862332324,510.29,15039.51476
1523862332417,510.29,15039.51476
1523862332557,510.29,15049.771589
1523862333365,510.18,15090.585989
1523862333730,510.18,15107.932109
1523862334283,510.18,15120.176429
1523862335442,510.18,15156.909389
1523862336496,510.17,25471.457809
1523862337410,510.17,25471.457809
1523862338827,510.63,26364.743902
1523862342418,510.63,26364.743902
1523862344924,510.03,26913.536182
1523862347419,510.03,26913.536182
1523862348591,510.3,27106.276492
1523862348620,510.3,35877.312892
1523862351366,510.05,36387.763347
1523862352476,510.05,36387.763347
1523862357342,510.29,45035.443861
1523862357427,510.29,45035.443861
1523862358522,510.01,49315.399809
1523862362446,510.01,49315.399809
1523862365459,510.11,10202.2
1523862366352,510.2,10259.383727
1523862366920,510.2,10292.801827
1523862367425,510.2,10292.801827
1523862372482,510.2,10292.801827
1523862374805,510.14,10308.106027
1523862377371,510.13,10489.202177
1523862377426,510.13,10489.202177
1523862377491,510.13,10509.097247
1523862378701,510.3,10617.280847
1523862379390,510.3,10710.155447
1523862381160,510.18,17846.808377
1523862382723,510.18,17846.808377
1523862383395,510.06,18076.594606
1523862385879,510.06,20246.032804
1523862387438,510.06,20246.032804
1523862387460,510.02,20261.843424
1523862387466,510.02,20271.533804
1523862387813,510.02,20296.014764
1523862388357,510.01,20557.547892
1523862390795,510.0,26180.399892
1523862392431,510.0,26180.399892
1523862392892,509.99,26372.156052
1523862393821,509.98,26398.165032
1523862394521,509.98,26425.703952
1523862395462,509.99,26453.243412
1523862396317,509.89,26476.188462
1523862396483,509.98,26494.547742
1523862396509,509.98,26510.867102
1523862397263,509.98,26534.326182
1523862397387,509.98,26557.275282
1523862397445,509.98,26557.275282
1523862398430,509.99,26704.152402
1523862402462,509.99,26704.152402
1523862402900,509.93,36902.752402
1523862407477,509.93,36902.752402
1523862407491,509.89,38224.132337
1523862409846,509.89,38755.947607
1523862410746,509.89,39033.837657
1523862410922,509.89,39270.426617
1523862411387,509.89,39546.277107
1523862412578,509.89,39546.277107
1523862412639,509.89,39946.540757
1523862412894,509.89,39966.426467
1523862414388,509.95,42053.667302
1523862414650,510.0,42642.195702
1523862415822,510.0,42709.005702
1523862415855,510.02,43419.702612
1523862417452,510.02,43419.702612
1523862417653,509.89,46218.998902
1523862419768,509.89,46231.185273
1523862421366,509.99,192.77622
1523862421587,510.02,294.831222
1523862422238,510.02,334.823846
1523862422464,510.02,334.823846
1523862424745,510.02,534.292668
1523862427445,510.02,534.292668
1523862428423,510.13,10736.892668
1523862430514,510.15,10829.178803
1523862432530,510.15,10829.178803
1523862433621,510.07,10964.755409
1523862434749,510.16,11354.517649
1523862435719,510.35,18176.978519
1523862437446,510.35,18176.978519
1523862442444,510.35,18176.978519
1523862447442,510.35,18176.978519
1523862447717,510.19,18194.324979
1523862451746,510.18,18584.055065
1523862452450,510.18,18584.055065
1523862455555,510.18,18637.266839
1523862456476,509.99,18681.176978
1523862456908,509.99,18725.087117
1523862457469,509.99,18725.087117
1523862462454,509.99,18725.087117
1523862463655,510.08,25088.233101
1523862464842,510.18,25122.721269
1523862467458,510.18,25122.721269
1523862472492,510.18,25122.721269
1523862473635,510.03,29995.088862
1523862477556,510.03,29995.088862
1523862477581,509.99,30034.868082
1523862482571,509.99,30034.868082
1523862482600,509.99,30225.298348
1523862485440,509.99,1574.390129
1523862486320,509.98,1614.372561
1523862486644,509.99,1834.892237
1523862486904,509.99,1928.220407
1523862487478,509.98,2074.176683
1523862487578,509.98,2074.176683
1523862489526,509.89,7434.772231
1523862489541,509.87,7550.56625
1523862489905,509.87,12649.26625
1523862491526,509.87,12716.263168
1523862492553,509.87,12795.140057
1523862492585,509.87,12795.140057
1523862493406,509.83,13129.560192
1523862495687,510.15,23332.43508
1523862496456,509.83,28258.616472
1523862497624,509.83,29134.504412
1523862497714,509.83,29134.504412
1523862501899,509.79,29516.094227
1523862502704,509.79,29516.094227
1523862502901,509.7,29897.630249
1523862503425,509.83,29968.390249
1523862505445,509.71,30217.499338
1523862507470,509.74,37971.76227
1523862507662,509.74,37971.76227
1523862507894,509.77,37984.50652
1523862509213,509.77,38042.13652
1523862510678,509.74,38134.006228
1523862511388,509.76,38157.466228
1523862512448,509.76,38166.646228
1523862512644,509.76,38166.646228
1523862513703,509.76,39008.176228
1523862515552,509.76,39424.346228
1523862516342,509.76,39743.106228
1523862517669,509.76,39743.106228
1523862521312,509.83,39950.676228
1523862521814,509.76,40006.266228
1523862522601,509.83,40687.80161559228
1523862522788,509.83,40687.80161559228
1523862523269,509.83,40715.34161559228
1523862523539,509.82,40848.49161559228
1523862523703,509.75,41139.96666559228
1523862524117,509.74,45727.63161259228
1523862525719,509.83,45752.421612592276
1523862527539,509.78,55948.02161259228
1523862527581,509.21,59875.69993359228
1523862527759,509.21,59875.69993359228
1523862529386,509.83,59885.78993359228
1523862530417,509.83,60579.36266559228
1523862531403,509.74,60890.10016959228
1523862531892,509.74,60895.45243959228
1523862532532,509.83,61128.85261359228
1523862532769,509.83,61128.85261359228
1523862534913,509.84,61297.89261359228
1523862537762,509.84,61297.89261359228
1523862540436,509.81,72384.59767259228
1523862540604,510.31,98711.95440459228
1523862540605,510.31,28.57736
1523862541352,510.3,33.68036
1523862542379,509.84,214.214704
1523862542771,509.84,214.214704
1523862544316,510.28,755.876924
1523862547875,510.28,755.876924
1523862550295,510.16,9379.570548
1523862552870,510.16,9379.570548
1523862557884,510.16,9379.570548
1523862558700,509.76,9482.64402
1523862562879,509.76,9482.64402
1523862566497,509.86,15860.48276
1523862567311,509.97,15872.008082
1523862568519,509.97,15872.008082
1523862572887,509.97,15872.008082
1523862577879,509.97,15872.008082
1523862581861,510.03,19583.002552
1523862582891,510.03,19583.002552
1523862586363,509.68,19594.419563
1523862587962,509.68,19594.419563
1523862588446,509.75,19611.853013
1523862592969,509.75,19611.853013
1523862593389,509.81,23422.908507
1523862594685,509.81,23428.006607
1523862597972,509.81,23428.006607
1523862598603,509.94,24774.703201
1523862602765,510.04,360.59828
1523862602969,510.04,360.59828
1523862605485,510.04,678.86324
1523862607350,510.04,896.14028
1523862607970,510.04,896.14028
1523862609098,510.04,1076.69444
1523862611646,510.26,1186.86968
1523862612968,510.26,1186.86968
1523862614614,509.72,3369.570951
1523862616496,509.72,3984.650075
1523862616890,509.7,4384.866515
1523862617972,509.7,4384.866515
1523862621421,509.7,4967.504831
1523862622967,509.7,4967.504831
1523862623315,509.7,5052.624731
1523862625597,509.7,9436.833407
1523862627981,509.7,9436.833407
1523862628351,509.7,9448.556507
1523862632975,509.7,9448.556507
1523862633085,509.72,9946.398997
1523862635418,509.72,10057.008237
1523862637638,510.28,12143.476521
1523862637975,510.28,12143.476521
1523862639671,510.49,13081.874901
1523862642293,510.27,14340.455309
1523862642974,510.27,14340.455309
1523862644381,510.27,14740.358229
1523862646431,510.27,26821.936043
1523862647979,510.27,26821.936043
1523862649441,509.94,29143.689916
1523862652976,509.94,29143.689916
1523862653722,509.94,29607.735316
1523862656359,509.94,31478.80612
1523862657990,509.94,31478.80612
1523862658351,509.94,41736.19432
1523862660460,509.62,42875.60213
1523862662995,509.62,42875.60213
1523862666260,509.78,43091.166544
1523862667549,509.78,43138.576084
1523862667555,509.78,19.37164
1523862667980,509.78,19.37164
1523862672851,509.94,1549.7835388109772
1523862672975,509.94,1549.7835388109772
1523862674547,509.94,12058.223631810977
1523862676410,509.94,12116.356791810977
1523862677447,509.94,12126.555591810977
1523862677985,509.94,12126.555591810977
1523862682977,509.94,12126.555591810977
1523862684383,510.3,12662.265069322315
1523862687978,510.3,12662.265069322315
1523862691011,509.95,13041.512840322315
1523862692994,509.95,13041.512840322315
1523862695633,509.95,23422.714740322317
1523862697987,509.95,23422.714740322317
1523862701432,509.8,23520.774591322315
1523862702990,509.8,23520.774591322315
1523862704473,510.35,23765.617281322317
1523862706785,510.35,23775.824281322315
1523862707992,510.35,23775.824281322315
1523862709398,510.27,33522.09938432232
1523862711729,509.8,34140.59444632231
1523862712982,509.8,34140.59444632231
1523862714435,510.25,35017.31345032232
1523862717325,509.84,35392.49964232231
1523862717987,509.84,35392.49964232231
1523862721855,509.86,36758.29638332232
1523862723075,509.86,36758.29638332232
1523862724153,510.05,14464.83917
1523862726314,510.52,23754.37251
1523862727995,510.52,23754.37251
1523862728469,510.51,25343.947497
1523862731286,510.51,38810.33343
1523862732991,510.51,38810.33343
1523862733140,510.52,39010.652539
1523862737999,510.52,39010.652539
1523862740571,510.51,39105.198991
1523862742991,510.51,39105.198991
1523862743431,510.52,40126.238991
1523862747996,510.52,40126.238991
1523862749402,509.99,40214.485682
1523862753008,509.99,40214.485682
1523862756461,510.22,50418.885682
1523862758011,510.22,50418.885682
1523862758694,510.25,50445.928932
1523862763015,510.25,50445.928932
1523862768001,510.25,50445.928932
1523862771788,510.26,51082.112171
1523862773006,510.26,51082.112171
1523862774352,510.26,51592.379596
1523862777460,510.26,60483.841228
1523862778005,510.26,60483.841228
1523862779626,510.26,60633.755616
1523862782193,510.26,356.112034
1523862782999,510.26,356.112034
1523862785509,510.28,408.87491
1523862788001,510.28,408.87491
1523862789453,510.52,555.39415
1523862793003,510.52,555.39415
1523862797997,510.52,555.39415
1523862798294,510.4,12395.59855
1523862800758,510.52,12644.320709
1523862803085,510.52,12644.320709
1523862807657,510.43,22319.568291
1523862808002,510.43,22319.568291
1523862808646,510.52,22421.774395
1523862810930,510.47,23130.306755
1523862811435,510.52,23342.376763
1523862811571,510.52,23383.218363
1523862813005,510.52,23383.218363
1523862813367,510.47,23772.604879
1523862814710,510.47,23984.194694
1523862815542,510.49,34193.994694
1523862818006,510.49,34193.994694
1523862823016,510.49,34193.994694
1523862823568,510.47,34218.497254
1523862824154,510.47,36737.768798
1523862826274,510.52,36884.288798
1523862827875,510.49,43446.02516
1523862828013,510.49,43446.02516
1523862828492,510.47,43539.288029
1523862830571,510.51,44157.975098
1523862833066,510.51,44157.975098
1523862833846,510.52,44304.494338
1523862838112,510.52,44304.494338
1523862840759,510.46,45127.726437
1523862843098,510.46,45127.726437
1523862844447,510.24,9087.476448
1523862845869,510.31,9233.935418
1523862847811,510.14,10651.114862
1523862848037,510.14,10651.114862
1523862849252,510.16,11128.165478
1523862850495,510.16,11583.126166
1523862851640,510.3,11719.376266
1523862853013,510.3,11719.376266
1523862854446,510.22,21923.776266
1523862857447,510.09,23079.633243
1523862858012,510.09,23079.633243
1523862859361,510.44,23226.103133
1523862863011,510.44,23226.103133
1523862863869,510.3,23429.661803
1523862867650,510.15,32894.831858
1523862868019,510.15,32894.831858
1523862869732,510.28,33041.282218
1523862873014,510.28,33041.282218
1523862878020,510.28,33041.282218
1523862879364,510.24,33187.721098
1523862883022,510.24,33187.721098
1523862884309,510.16,43390.921098
1523862884848,510.19,43516.938028
1523862886333,510.21,46649.627208
1523862888024,510.21,46649.627208
1523862892908,510.2,46864.143348
1523862893026,510.2,46864.143348
1523862897466,510.24,47010.582228
1523862898023,510.24,47010.582228
1523862903018,510.24,47010.582228
1523862903683,510.24,146.43888
1523862904450,510.24,186.422096
1523862905810,510.22,200.453146
1523862905850,510.22,214.484196
1523862908024,510.22,214.484196
1523862911337,510.22,383.678888
1523862913022,510.22,383.678888
1523862913433,510.22,446.027772
1523862915535,510.22,461.895614
1523862915880,510.23,608.331624
1523862917617,510.22,798.847772
1523862918019,510.22,798.847772
1523862922422,510.23,945.283782
1523862922643,510.22,1191.260844
1523862923021,510.22,1191.260844
1523862923388,510.1,3338.757406
1523862928050,510.1,3338.757406
1523862929457,510.23,3485.193416
1523862933027,510.23,3485.193416
1523862935886,510.19,3585.190656
1523862936327,510.19,3666.821056
1523862936508,510.1,4191.741845
1523862938033,510.1,4191.741845
1523862940902,510.14,4331.877303
1523862941319,510.14,4365.648571
1523862942187,510.12,14568.051519
1523862942891,510.29,15068.033661
1523862943040,510.29,15068.033661
1523862947224,510.29,15904.756174
1523862948030,510.29,15904.756174
1523862952501,510.29,17235.898668
1523862953087,510.29,17235.898668
1523862953501,510.2,26899.188708
1523862953560,510.29,27066.257654
1523862955587,510.1,27494.894684
1523862956407,510.29,27570.060401
1523862958091,510.29,27570.060401
1523862959722,510.21,36418.377326
1523862963032,510.21,36418.377326
1523862965366,510.15,69.941565
1523862966382,510.15,69.99258
1523862968031,510.15,69.99258
1523862970708,510.02,10964.260427
1523862972517,510.02,10988.333371
1523862973044,510.02,10988.333371
1523862974726,510.1,11216.042011
1523862975581,510.11,21418.242011
1523862978036,510.11,21418.242011
1523862979794,510.05,21433.543511
1523862983054,510.05,21433.543511
1523862986649,510.27,28819.344572
1523862988042,510.27,28819.344572
1523862989425,510.24,29148.246101
1523862990537,510.24,29195.239205
1523862992462,510.22,29201.055713
1523862993036,510.22,29201.055713
1523862994400,510.05,29206.870283
1523862996657,510.13,29281.859393
1523862997481,510.06,32384.554373
1523862997647,510.13,32409.607856
1523862998033,510.13,32409.607856
1523863002586,510.06,34404.80456607619
1523863003037,510.06,34404.80456607619
1523863004105,510.15,44607.80456607619
1523863006293,510.15,44759.3945660762
1523863007407,510.15,44910.98456607619
1523863008045,510.15,44910.98456607619
1523863008452,510.23,44986.524566076194
1523863010436,510.23,45244.3437850762
1523863012183,510.23,53479.3630810762
1523863013033,510.23,53479.3630810762
1523863013616,510.23,53779.0721830762
1523863018040,510.23,53779.0721830762
1523863023045,510.23,53779.0721830762
1523863023243,510.25,55173.79310519577
1523863023248,510.22,7159.657786
1523863024145,510.23,7353.034956
1523863024387,510.23,7360.535337
1523863028078,510.23,7360.535337
1523863032483,510.25,7466.106062
1523863033058,510.25,7466.106062
1523863033313,510.25,7571.676787
1523863033676,510.25,7660.562337
1523863034885,510.25,7864.662337
1523863035786,510.25,8039.473987
1523863038062,510.25,8039.473987
1523863039170,510.25,8292.200812
1523863042456,510.23,8384.042212
1523863043065,510.23,8384.042212
1523863043287,510.26,18102.505198
1523863046472,510.23,18226.082904
1523863048049,510.23,18226.082904
1523863053134,510.23,18226.082904
1523863055369,510.26,24632.70336
1523863058047,510.26,24632.70336
1523863063061,510.26,24632.70336
1523863064721,510.26,24872.882742
1523863066715,510.27,29844.800541
1523863068048,510.27,29844.800541
1523863072300,510.26,33661.224107
1523863073070,510.26,33661.224107
1523863073439,510.23,35009.931261
1523863078056,510.23,35009.931261
1523863082458,510.23,0.0
1523863082526,510.27,10205.334942
1523863083062,510.27,10205.334942
1523863088059,510.27,10205.334942
1523863090652,510.24,10277.89107
1523863093069,510.24,10277.89107
1523863096722,510.23,12240.184627
1523863098060,510.23,12240.184627
1523863103064,510.23,12240.184627
1523863105478,510.18,24809.586841
1523863108081,510.18,24809.586841
1523863109415,510.22,24946.938065
1523863112164,510.2,32412.796705
1523863112848,510.18,33632.484031
1523863113066,510.18,33632.484031
1523863114604,510.18,33971.396605
1523863118062,510.18,33971.396605
1523863118465,510.2,39372.832985
1523863120861,510.22,41573.871043
1523863123070,510.22,41573.871043
1523863123393,510.18,41632.339271
1523863128077,510.18,41632.339271
1523863128136,510.18,43106.249291
1523863133089,510.18,43106.249291
1523863138078,510.18,43106.249291
1523863141429,510.18,8878.91763
1523863141633,510.16,9101.34739
1523863143070,510.16,9101.34739
1523863146484,510.11,19303.54739
1523863148071,510.11,19303.54739
1523863151288,510.17,19565.457598
1523863152562,510.17,20240.004896
1523863153067,510.17,20240.004896
1523863158074,510.17,20240.004896
1523863160858,510.09,20508.1082
1523863162504,510.08,30439.313992
1523863163069,510.08,30439.313992
1523863163384,510.06,30740.963476
1523863167796,510.06,30749.736508
1523863168073,510.06,30749.736508
1523863170583,510.06,31647.748144
1523863173085,510.06,31647.748144
1523863173918,510.05,37463.581648
1523863177423,510.11,37471.590375
1523863178071,510.11,37471.590375
1523863181287,510.08,47673.190375
1523863183197,510.08,47673.190375
1523863185542,510.06,52773.790375
1523863186294,510.06,57874.390375
1523863187162,510.06,57898.873255
1523863188185,510.06,57898.873255
1523863191162,510.06,58228.155779
1523863193182,510.06,58228.155779
1523863193765,510.07,58252.435111
1523863198225,510.07,58252.435111
1523863203241,510.07,58252.435111
1523863203439,510.06,647.878212
1523863207966,510.06,826.093176
1523863208238,510.06,826.093176
1523863209656,510.06,1003.186008
1523863210327,510.06,1045.265958
1523863210715,510.06,1146.920916
1523863211832,510.06,1360.483038
1523863213301,510.06,1360.483038
1523863215551,510.08,1479.28067
1523863217847,510.2,3286.35805
1523863218339,510.2,3286.35805
1523863223251,510.2,3286.35805
1523863224846,510.2,3287.07233
1523863226327,510.2,4827.87633
1523863228372,510.2,4827.87633
1523863232892,510.14,14752.9511
1523863233361,510.14,14752.9511
1523863236291,510.06,17813.313374
1523863237641,510.14,17877.233916
1523863238394,510.14,17877.233916
1523863241841,510.14,17882.233288
1523863243307,510.06,18902.371384
1523863243354,510.06,18902.371384
1523863244426,510.12,29104.771384
1523863247334,510.2,30153.188428
1523863248348,510.2,30153.188428
1523863250334,510.14,32193.748428
1523863250583,510.2,32285.635448
1523863253362,510.2,32285.635448
1523863254307,510.15,33778.334348
1523863257505,510.17,44518.882828
1523863258363,510.17,44518.882828
1523863258699,510.19,44523.780652
1523863260640,510.06,255.036458
1523863261369,510.06,295.025162
1523863262642,510.2,755.462182
1523863262864,510.2,1585.965742
1523863263369,510.2,1585.965742
1523863263516,510.14,8173.709646
1523863263885,510.2,8357.969646
1523863264475,510.16,9105.55811
1523863265427,510.16,9197.94811
1523863266362,510.15,9243.87811
1523863266470,510.06,9309.369814
1523863267509,510.2,9332.339814
1523863268470,510.2,9332.339814
1523863268497,510.2,9432.339014
1523863268642,510.2,9444.079014
1523863269430,510.2,9535.966034
1523863269682,510.2,9541.576034
1523863271450,510.15,9641.565434
1523863272416,510.13,16223.515233
1523863273362,510.13,16223.515233
1523863275826,510.2,17235.594433
1523863276010,510.2,17353.504433
1523863276766,510.2,17412.714433
1523863277692,510.2,17442.314433
1523863278345,510.2,17544.456473
1523863278375,510.2,17544.456473
1523863278872,510.2,17651.143493
1523863280293,510.2,17658.283493
1523863282464,510.2,17694.099533
1523863283381,510.2,17694.099533
1523863286564,510.2,17785.986553
1523863288414,510.2,17785.986553
1523863288466,510.2,18729.134143
1523863293318,510.2,20732.616753
1523863293373,510.2,20732.616753
1523863294384,510.17,29429.793556
1523863294402,510.2,30450.713556
1523863295461,510.2,30953.513556
1523863295819,510.2,31053.512756
1523863296493,510.2,31305.162756
1523863297711,510.2,31430.732756
1523863298503,510.2,31430.732756
1523863299462,510.2,31493.512756
1523863299675,510.1,31559.060606
1523863299711,510.1,31559.111616
1523863300387,510.2,31565.231616
1523863300769,510.2,40690.413716
1523863301755,510.2,40821.083716
1523863301758,510.1,41682.438576
1523863302472,510.2,41722.248576
1523863302819,510.1,41824.268576
1523863303378,510.1,41824.268576
1523863303514,510.18,41844.168576
1523863307234,510.18,41854.372176
1523863308194,510.17,41872.232176
1523863308367,510.17,41872.232176
1523863313110,510.14,52075.032176
1523863313410,510.14,52075.032176
1523863313519,510.1,52322.328656
1523863313894,510.2,52822.32362411682
1523863317877,510.1,52898.37953411682
1523863318380,510.1,52898.37953411682
1523863318889,510.2,52960.06271411682
1523863321513,510.11,432.369236
1523863323385,510.11,432.369236
1523863328426,510.11,432.369236
1523863329348,510.2,9635.176066
1523863330386,510.2,10061.652246
1523863333391,510.2,10061.652246
1523863333456,510.15,18377.403336
1523863334651,510.11,18400.409297
1523863335616,510.2,18476.786237
1523863336163,510.19,18546.01902
1523863338539,510.19,18546.01902
1523863340519,510.2,18673.56902
1523863342457,510.18,26146.073444
1523863343493,510.18,26146.073444
1523863345730,510.2,57762.04043288318
1523863348480,510.2,57762.04043288318
1523863349576,510.2,73340.48723288318
1523863351439,510.21,73535.79562088317
1523863352434,510.2,76315.87542088318
1523863353536,510.2,76315.87542088318
1523863353599,510.21,76417.96844188317
1523863357423,510.21,81222.66703288318
1523863357434,510.2,87272.97704888319
1523863358588,510.2,87272.97704888319
1523863359339,510.2,132916.13230888319
1523863360241,510.0,183660.75552847475
1523863363610,510.0,183660.75552847475
1523863364384,510.24,194091.55054647475
1523863368602,510.24,194091.55054647475
1523863368837,510.24,194114.51134647476
1523863370358,510.24,194156.14693047476
1523863372683,510.3,204544.34463047475
1523863373217,510.25,205564.84463047475
1523863373608,510.25,205564.84463047475
1523863378619,510.25,205564.84463047475
1523863381865,510.25,10403.028025
1523863382706,510.26,10484.057313
1523863383542,510.25,11156.056563
1523863383610,510.25,11156.056563
1523863385627,510.25,11479.861213
1523863388439,510.24,14853.415021
1523863388621,510.24,14853.415021
1523863389516,510.24,21393.467245
1523863390684,510.19,21492.342067
1523863393464,510.0,21492.34867552524
1523863393624,510.0,21492.34867552524
1523863398238,509.9,31690.34867552524
1523863398617,509.9,31690.34867552524
1523863399481,509.8,32506.239441525242
1523863399492,509.8,32912.19318152525
1523863400312,509.8,32922.38918152524
1523863402390,509.8,33315.801841525245
1523863403211,509.8,33618.161841525245
1523863403620,509.8,33618.161841525245
1523863403643,509.8,33662.10660152524
1523863404322,509.8,33724.71004152524
1523863408628,509.8,33724.71004152524
1523863410284,509.8,36804.97500152524
1523863410755,509.8,36806.45342152524
1523863411583,510.01,46093.84412852524
1523863413618,510.01,46093.84412852524
1523863415466,509.8,59639.21202052524
1523863415632,509.8,59679.64154052524
1523863416352,509.8,59687.645400525245
1523863416848,510.01,60079.99506452525
1523863417821,510.01,60120.485064525245
1523863418635,510.01,60120.485064525245
1523863419846,510.01,60201.47465252524
1523863421335,510.09,69349.95163977325
1523863421596,509.8,69358.97509977326
1523863423649,509.8,69358.97509977326
1523863426371,509.92,69361.98362777325
1523863426870,510.02,69442.97480377326
1523863428633,510.02,69442.97480377326
1523863430352,510.1,69852.11821577325
1523863431241,509.76,70279.85531177325
1523863431704,509.72,70282.35293977326
1523863432691,509.84,80477.88126739977
1523863433214,509.84,80883.00013139978
1523863433627,509.84,80883.00013139978
1523863436428,509.7,80892.02182139977
1523863438641,509.7,80892.02182139977
1523863440657,509.59,5827.910531
1523863441487,509.54,7696.393711
1523863442605,509.96,7733.365811
1523863443628,509.97,7770.338536
1523863443629,509.97,7770.338536
1523863443653,510.1,9642.658536
1523863444382,509.73,19837.258536
1523863447777,510.1,25283.277279
1523863448646,510.1,25283.277279
1523863453489,510.09,25689.002865
1523863453650,510.09,25689.002865
1523863454189,509.9,35887.002865
1523863456370,509.85,39035.122675
1523863456850,509.72,39440.757851
1523863458509,509.72,39576.241427
1523863458656,509.72,39576.241427
1523863463650,509.72,39576.241427
1523863465767,509.71,40708.308955
1523863468465,509.71,40744.804191
1523863468650,509.71,40999.60822
1523863468855,509.71,40999.60822
1523863470519,509.71,41244.880672
1523863470690,509.71,41490.202085526915
1523863473658,509.71,41490.202085526915
1523863476275,509.51,41496.92761752691
1523863478354,509.5,41625.42570152691
1523863478516,509.66,41829.28970152691
1523863478662,509.66,41829.28970152691
1523863480516,509.58,52020.88970152691
1523863480824,509.5,52109.695551526915
1523863483665,509.5,52109.695551526915
1523863484708,509.45,52278.017831526915
1523863488671,509.45,52278.017831526915
1523863488726,509.44,52287.39152752692
1523863492637,509.34,59918.42527552691
1523863493680,509.34,59918.42527552691
1523863498686,509.34,59918.42527552691
1523863501415,509.39,80.891132
1523863502322,509.39,5728.396184
1523863503672,509.39,5728.396184
1523863504254,509.39,5809.542011
1523863506368,509.0,9882.392507
1523863507438,509.37,9963.3314
1523863508689,509.37,9963.3314
1523863510435,509.37,10044.270293
1523863513736,509.37,10044.270293
1523863516378,509.36,10095.359101
1523863518685,509.36,10095.359101
1523863519201,509.36,11492.375145
1523863520482,509.29,11678.073402
1523863521792,509.26,12302.477088
1523863521796,509.26,13225.969172
1523863522461,509.24,13317.683296
1523863523684,509.24,13317.683296
1523863524888,509.24,13417.698032
1523863525287,509.18,23601.298032
1523863527443,509.26,23682.219446
1523863528692,509.26,23682.219446
1523863530554,509.39,28426.839919
1523863531178,509.39,28507.883868
1523863531308,509.26,28511.907022
1523863533280,509.36,28514.402886
1523863533686,509.36,28514.402886
1523863538322,509.31,29791.60166
1523863538688,509.31,29791.60166
1523863539466,509.11,29795.623629
1523863540685,509.34,29884.758129
1523863541726,509.31,29888.781678
1523863543680,509.31,29888.781678
1523863546385,509.33,29942.668792
1523863548679,509.33,29942.668792
1523863552771,509.32,31903.837546
1523863552869,509.32,32504.223962
1523863553421,509.32,33004.172474
1523863554142,509.32,33004.172474
1523863554175,509.35,33504.13571
1523863554615,509.54,42838.042292
1523863554725,509.54,43088.124524
1523863556472,509.75,44089.375474
1523863557093,509.77,44182.05166
1523863557730,509.53,45710.67872
1523863559018,509.53,45710.67872
1523863560504,509.62,55903.07872
1523863560508,509.54,197.090072
1523863563702,509.54,197.090072
1523863565459,509.52,206.006672
1523863566708,509.52,214.923272
1523863568377,509.52,462.549992
1523863568704,509.52,462.549992
1523863571352,509.73,3846.586199
1523863573706,509.73,3846.586199
1523863578697,509.73,3846.586199
1523863583708,509.73,3846.586199
1523863588236,509.86,14176.121905
1523863588708,509.86,14176.121905
1523863590531,509.8,14257.180105
1523863593724,509.8,14257.180105
1523863594454,509.8,14304.489545
1523863596482,509.52,14392.891265
1523863597462,510.09,14760.1273
1523863598501,509.68,20698.001236
1523863598715,509.68,20698.001236
1523863603710,509.68,20698.001236
1523863605648,509.71,24646.979461
1523863608717,509.71,24646.979461
1523863609625,509.52,24660.328885
1523863613713,509.52,24660.328885
1523863615435,509.5,26522.704353
1523863618688,509.5,26528.716453
1523863618780,509.5,26528.716453
1523863618881,509.5,27905.589253
1523863623321,509.47,9893.958347
1523863623718,509.47,9893.958347
1523863627555,509.51,9896.505897
1523863628268,510.24,9901.607421
1523863628715,510.24,9901.607421
1523863629259,510.24,9911.812221
1523863629441,510.23,9916.914521
1523863633718,510.23,9916.914521
1523863638725,510.23,9916.914521
1523863643730,510.23,9916.914521
1523863644415,510.0,15895.389521
1523863648468,509.78,16042.970831
1523863649080,509.78,16042.970831
1523863650652,509.78,16111.230373
1523863653732,509.78,16111.230373
1523863657807,509.67,20343.631987
1523863658832,509.67,20343.631987
1523863662361,509.56,20445.543987
1523863662874,509.56,20522.895195
1523863663541,509.56,20614.666951
1523863663837,509.56,20614.666951
1523863664388,509.4,23838.283695
1523863664424,509.78,23847.969515
1523863664758,510.21,25051.926831
1523863665694,509.89,27755.363611
1523863665831,510.21,37953.218171
1523863666380,509.89,37958.317071
1523863666703,509.89,37963.415971
1523863667611,510.26,41390.384549
1523863668839,510.26,41390.384549
1523863673839,510.26,41390.384549
1523863678844,510.26,41390.384549
1523863683854,510.26,41390.384549
1523863684549,509.54,7737.670624
1523863685174,509.64,7755.900624
1523863685880,509.64,10079.80806
1523863688838,509.64,10079.80806
1523863689277,509.6,10498.48862
1523863689341,509.64,12627.968396
1523863689759,509.59,13519.241306
1523863691872,509.78,18293.95904
1523863693835,509.78,18293.95904
1523863697679,509.4,23065.227167
1523863698844,509.4,23065.227167
1523863703854,509.4,23065.227167
1523863705404,509.59,33257.027167
1523863707816,509.4,33660.064447
1523863708852,509.4,33660.064447
1523863709332,509.4,34860.567427
1523863711224,509.4,34904.375827
1523863711679,509.4,34952.768827
1523863711701,509.4,35080.118827
1523863712515,509.4,35101.513627
1523863712880,509.4,35158.362667
1523863713226,509.4,35260.752067
1523863713526,509.4,35347.859467
1523863713851,509.4,35347.859467
1523863714403,509.4,35369.254267
1523863714633,509.63,36250.181445
1523863715553,509.63,36268.528125
1523863716132,509.63,36291.461475
